<?xml version="1.0" encoding="UTF-8"?>
<!DOCTYPE html PUBLIC "-//W3C//DTD XHTML 1.0 Transitional//EN"
    "http://www.w3.org/TR/xhtml1/DTD/xhtml1-transitional.dtd">
<html xmlns="http://www.w3.org/1999/xhtml" xml:lang="en" lang="en">
 <head>
  <title>
</title>
<meta http-equiv="Content-Type" content="text/html;charset=utf-8" />
  <meta name='ocr-system' content='tesseract 3.04.00' />
  <meta name='ocr-capabilities' content='ocr_page ocr_carea ocr_par ocr_line ocrx_word'/>
</head>
<body>
  <div class='ocr_page' id='page_1' title='image "./vindicatainquagr00sfon_0048.png"; bbox 0 0 2112 3491; ppageno 0'>
   <div class='ocr_carea' id='block_1_1' title="bbox 933 272 1312 340">
    <p class='ocr_par' dir='ltr' id='par_1_1' title="bbox 933 272 1312 340">
     <span class='ocr_line' id='line_1_1' title="bbox 933 272 1312 340; baseline -0.005 0"><span class='ocrx_word' id='word_1_1' title='bbox 933 272 1312 340; x_wconf 70' lang='lat'>÷&lt;³2)›1‹</span> 
     </span>
    </p>
   </div>
   <div class='ocr_carea' id='block_1_2' title="bbox 194 382 1995 2242">
    <p class='ocr_par' dir='ltr' id='par_1_2' title="bbox 194 382 1995 2242">
     <span class='ocr_line' id='line_1_2' title="bbox 341 382 1995 456; baseline -0.001 -16"><span class='ocrx_word' id='word_1_2' title='bbox 341 391 409 441; x_wconf 92' lang='lat' dir='ltr'><strong>II.</strong></span> <span class='ocrx_word' id='word_1_3' title='bbox 489 385 698 440; x_wconf 60' lang='lat' dir='ltr'>Secunde.</span> <span class='ocrx_word' id='word_1_4' title='bbox 779 391 821 438; x_wconf 88' lang='lat' dir='ltr'>S.</span> <span class='ocrx_word' id='word_1_5' title='bbox 845 387 1127 439; x_wconf 80' lang='lat' dir='ltr'>Vincentius</span> <span class='ocrx_word' id='word_1_6' title='bbox 1151 387 1379 438; x_wconf 83' lang='lat' dir='ltr'>Ferrerius</span> <span class='ocrx_word' id='word_1_7' title='bbox 1407 382 1567 456; x_wconf 82' lang='lat' dir='ltr'>(obijt</span> <span class='ocrx_word' id='word_1_8' title='bbox 1614 389 1784 456; x_wconf 81' lang='lat'><strong>1419.)</strong></span> <span class='ocrx_word' id='word_1_9' title='bbox 1820 384 1995 438; x_wconf 86' lang='lat' dir='ltr'>dorne-</span> 
     </span>
     <span class='ocr_line' id='line_1_3' title="bbox 227 460 1994 536; baseline -0.002 -16"><span class='ocrx_word' id='word_1_10' title='bbox 227 467 345 520; x_wconf 91' lang='lat' dir='ltr'>stico</span> <span class='ocrx_word' id='word_1_11' title='bbox 369 467 456 519; x_wconf 87' lang='lat' dir='ltr'>suo</span> <span class='ocrx_word' id='word_1_12' title='bbox 480 465 656 518; x_wconf 89' lang='lat' dir='ltr'>Codici</span> <span class='ocrx_word' id='word_1_13' title='bbox 684 467 814 536; x_wconf 76' lang='lat' dir='ltr'>(quo</span> <span class='ocrx_word' id='word_1_14' title='bbox 853 464 1044 516; x_wconf 87' lang='lat' dir='ltr'>summa</span> <span class='ocrx_word' id='word_1_15' title='bbox 1069 469 1110 515; x_wconf 98' lang='lat' dir='ltr'>S.</span> <span class='ocrx_word' id='word_1_16' title='bbox 1142 461 1353 514; x_wconf 82' lang='lat' dir='ltr'>Thomae</span> <span class='ocrx_word' id='word_1_17' title='bbox 1378 460 1746 533; x_wconf 83' lang='lat' dir='ltr'>continebatur&gt;</span> <span class='ocrx_word' id='word_1_18' title='bbox 1774 462 1994 517; x_wconf 83' lang='lat' dir='ltr'>observa-</span> 
     </span>
     <span class='ocr_line' id='line_1_4' title="bbox 226 536 1993 615; baseline -0.003 -18"><span class='ocrx_word' id='word_1_19' title='bbox 226 546 382 597; x_wconf 81' lang='lat' dir='ltr'>tiones</span> <span class='ocrx_word' id='word_1_20' title='bbox 406 543 643 615; x_wconf 85' lang='lat' dir='ltr'>quasdam</span> <span class='ocrx_word' id='word_1_21' title='bbox 668 561 820 593; x_wconf 90' lang='lat' dir='ltr'>manu</span> <span class='ocrx_word' id='word_1_22' title='bbox 844 540 921 593; x_wconf 74' lang='lat' dir='ltr'>sua</span> <span class='ocrx_word' id='word_1_23' title='bbox 953 541 1148 614; x_wconf 82' lang='lat' dir='ltr'>adjecit,</span> <span class='ocrx_word' id='word_1_24' title='bbox 1183 559 1292 611; x_wconf 83' lang='lat' dir='ltr'>quae</span> <span class='ocrx_word' id='word_1_25' title='bbox 1316 536 1562 610; x_wconf 82' lang='lat' dir='ltr'>hodieque</span> <span class='ocrx_word' id='word_1_26' title='bbox 1587 539 1636 590; x_wconf 90' lang='lat' dir='ltr'>in</span> <span class='ocrx_word' id='word_1_27' title='bbox 1659 544 1923 594; x_wconf 82' lang='lat' dir='ltr'>Conventu</span> <span class='ocrx_word' id='word_1_28' title='bbox 1949 546 1993 593; x_wconf 84' lang='lat' dir='ltr'><strong>S.</strong></span> 
     </span>
     <span class='ocr_line' id='line_1_5' title="bbox 225 615 1994 690; baseline -0.003 -14"><span class='ocrx_word' id='word_1_29' title='bbox 225 622 481 676; x_wconf 89' lang='lat' dir='ltr'>Dominici</span> <span class='ocrx_word' id='word_1_30' title='bbox 506 618 724 673; x_wconf 84' lang='lat' dir='ltr'>Civitatis</span> <span class='ocrx_word' id='word_1_31' title='bbox 751 619 810 670; x_wconf 92' lang='lat' dir='ltr'>de</span> <span class='ocrx_word' id='word_1_32' title='bbox 834 618 1033 671; x_wconf 84' lang='lat' dir='ltr'>Alcaniz</span> <span class='ocrx_word' id='word_1_33' title='bbox 1058 615 1288 670; x_wconf 81' lang='lat' dir='ltr'>Dioecefis</span> <span class='ocrx_word' id='word_1_34' title='bbox 1311 615 1739 690; x_wconf 73' lang='lat' dir='ltr'>Caesaraugustanae</span> <span class='ocrx_word' id='word_1_35' title='bbox 1763 616 1994 672; x_wconf 85' lang='lat' dir='ltr'>affervan</span> 
     </span>
     <span class='ocr_line' id='line_1_6' title="bbox 226 691 1991 769; baseline -0.003 -17"><span class='ocrx_word' id='word_1_36' title='bbox 226 718 328 757; x_wconf 63' lang='lat' dir='ltr'>turs</span> <span class='ocrx_word' id='word_1_37' title='bbox 367 697 452 750; x_wconf 85' lang='lat' dir='ltr'>ubi</span> <span class='ocrx_word' id='word_1_38' title='bbox 478 696 811 750; x_wconf 87' lang='lat' dir='ltr'>observatione</span> <span class='ocrx_word' id='word_1_39' title='bbox 837 696 898 749; x_wconf 90' lang='lat' dir='ltr'>ad</span> <span class='ocrx_word' id='word_1_40' title='bbox 934 715 977 759; x_wconf 99' lang='grc'><em>3.</em></span> <span class='ocrx_word' id='word_1_41' title='bbox 983 711 1027 768; x_wconf 87' lang='lat' dir='ltr'>p.</span> <span class='ocrx_word' id='word_1_42' title='bbox 1061 715 1104 769; x_wconf 82' lang='lat' dir='ltr'>q.</span> <span class='ocrx_word' id='word_1_43' title='bbox 1121 715 1199 757; x_wconf 83' lang='lat'>27.</span> <span class='ocrx_word' id='word_1_44' title='bbox 1225 714 1269 745; x_wconf 76' lang='lat' dir='ltr'><strong>a.</strong></span> <span class='ocrx_word' id='word_1_45' title='bbox 1287 715 1328 744; x_wconf 90' lang='grc'>2.</span> <span class='ocrx_word' id='word_1_46' title='bbox 1355 691 1425 743; x_wconf 73' lang='lat' dir='ltr'>ad</span> <span class='ocrx_word' id='word_1_47' title='bbox 1441 711 1484 755; x_wconf 93' lang='grc'><em>3.</em></span> <span class='ocrx_word' id='word_1_48' title='bbox 1508 691 1612 746; x_wconf 81' lang='lat' dir='ltr'>haec</span> <span class='ocrx_word' id='word_1_49' title='bbox 1634 692 1894 748; x_wconf 90' lang='lat' dir='ltr'>habentur:</span> <span class='ocrx_word' id='word_1_50' title='bbox 1932 697 1991 746; x_wconf 90' lang='lat' dir='ltr'><strong>B.</strong></span> 
     </span>
     <span class='ocr_line' id='line_1_7' title="bbox 228 768 1992 850; baseline -0.002 -21"><span class='ocrx_word' id='word_1_51' title='bbox 228 778 370 850; x_wconf 76' lang='lat' dir='ltr'>Virgo</span> <span class='ocrx_word' id='word_1_52' title='bbox 378 776 525 848; x_wconf 73' lang='lat' dir='ltr'>fuit</span> <span class='ocrx_word' id='word_1_53' title='bbox 507 794 730 826; x_wconf 53' lang='lat' dir='ltr'>immunia</span> <span class='ocrx_word' id='word_1_54' title='bbox 764 795 797 825; x_wconf 73' lang='lat' dir='ltr'><em>a</em></span> <span class='ocrx_word' id='word_1_55' title='bbox 825 788 1005 847; x_wconf 77' lang='lat' dir='ltr'>peccato</span> <span class='ocrx_word' id='word_1_56' title='bbox 1027 770 1260 848; x_wconf 77' lang='lat' dir='ltr'>Originali</span> <span class='ocrx_word' id='word_1_57' title='bbox 1283 769 1339 833; x_wconf 58' lang='grc' dir='ltr'>Εἴ</span> <span class='ocrx_word' id='word_1_58' title='bbox 1360 768 1569 822; x_wconf 68' lang='grc' dir='ltr'>Λὸῗιιαίὶ.</span> <span class='ocrx_word' id='word_1_59' title='bbox 1659 776 1797 825; x_wconf 83' lang='lat' dir='ltr'>Extat</span> <span class='ocrx_word' id='word_1_60' title='bbox 1831 773 1891 825; x_wconf 90' lang='lat' dir='ltr'>de</span> <span class='ocrx_word' id='word_1_61' title='bbox 1918 771 1992 826; x_wconf 87' lang='lat' dir='ltr'>his</span> 
     </span>
     <span class='ocr_line' id='line_1_8' title="bbox 224 847 1992 922; baseline -0.004 -14"><span class='ocrx_word' id='word_1_62' title='bbox 224 852 407 911; x_wconf 83' lang='lat' dir='ltr'>verbis,</span> <span class='ocrx_word' id='word_1_63' title='bbox 432 855 484 905; x_wconf 84' lang='lat'>&amp;</span> <span class='ocrx_word' id='word_1_64' title='bbox 516 851 831 904; x_wconf 84' lang='lat' dir='ltr'>annotatione</span> <span class='ocrx_word' id='word_1_65' title='bbox 865 855 913 903; x_wconf 95' lang='grc' dir='ltr'><em>Β.</em></span> <span class='ocrx_word' id='word_1_66' title='bbox 950 850 1190 922; x_wconf 83' lang='lat' dir='ltr'>Vincentij</span> <span class='ocrx_word' id='word_1_67' title='bbox 1217 869 1274 902; x_wconf 86' lang='lat' dir='ltr'>ex</span> <span class='ocrx_word' id='word_1_68' title='bbox 1305 847 1543 922; x_wconf 81' lang='lat' dir='ltr'>Originali</span> <span class='ocrx_word' id='word_1_69' title='bbox 1567 847 1805 920; x_wconf 79' lang='lat' dir='ltr'>descriptis</span> <span class='ocrx_word' id='word_1_70' title='bbox 1831 849 1992 921; x_wconf 85' lang='lat' dir='ltr'>publi-</span> 
     </span>
     <span class='ocr_line' id='line_1_9' title="bbox 221 927 1992 985; baseline -0.006 -1"><span class='ocrx_word' id='word_1_71' title='bbox 221 951 340 984; x_wconf 91' lang='lat' dir='ltr'>cum</span> <span class='ocrx_word' id='word_1_72' title='bbox 365 934 418 983; x_wconf 83' lang='lat'>&amp;</span> <span class='ocrx_word' id='word_1_73' title='bbox 454 928 791 982; x_wconf 86' lang='lat' dir='ltr'>authenticum</span> <span class='ocrx_word' id='word_1_74' title='bbox 825 929 1204 981; x_wconf 87' lang='lat' dir='ltr'>instrumentum</span> <span class='ocrx_word' id='word_1_75' title='bbox 1231 930 1378 978; x_wconf 91' lang='lat' dir='ltr'>Anno</span> <span class='ocrx_word' id='word_1_76' title='bbox 1412 941 1550 985; x_wconf 79' lang='lat'><strong>1652.</strong></span> <span class='ocrx_word' id='word_1_77' title='bbox 1586 945 1757 978; x_wconf 90' lang='lat' dir='ltr'>coram</span> <span class='ocrx_word' id='word_1_78' title='bbox 1780 927 1992 980; x_wconf 85' lang='lat' dir='ltr'>Vincen-</span> 
     </span>
     <span class='ocr_line' id='line_1_10' title="bbox 220 1003 1993 1079; baseline -0.002 -18"><span class='ocrx_word' id='word_1_79' title='bbox 220 1009 291 1062; x_wconf 91' lang='lat' dir='ltr'>tio</span> <span class='ocrx_word' id='word_1_80' title='bbox 313 1012 441 1060; x_wconf 85' lang='lat' dir='ltr'>Ram</span> <span class='ocrx_word' id='word_1_81' title='bbox 464 1006 664 1059; x_wconf 90' lang='lat' dir='ltr'>Comite</span> <span class='ocrx_word' id='word_1_82' title='bbox 690 1007 750 1059; x_wconf 91' lang='lat' dir='ltr'>de</span> <span class='ocrx_word' id='word_1_83' title='bbox 773 1011 1018 1059; x_wconf 91' lang='lat' dir='ltr'>Montoro</span> <span class='ocrx_word' id='word_1_84' title='bbox 1043 1026 1069 1058; x_wconf 91' lang='lat' dir='ltr'>a</span> <span class='ocrx_word' id='word_1_85' title='bbox 1095 1003 1353 1062; x_wconf 67' lang='lat' dir='ltr'>Sanctiori‚</span> <span class='ocrx_word' id='word_1_86' title='bbox 1389 1006 1441 1055; x_wconf 84' lang='lat'>&amp;</span> <span class='ocrx_word' id='word_1_87' title='bbox 1463 1004 1688 1075; x_wconf 91' lang='lat' dir='ltr'>supremo</span> <span class='ocrx_word' id='word_1_88' title='bbox 1712 1005 1993 1079; x_wconf 81' lang='lat' dir='ltr'>Arragoniae</span> 
     </span>
     <span class='ocr_line' id='line_1_11' title="bbox 220 1081 1990 1155; baseline -0.002 -18"><span class='ocrx_word' id='word_1_89' title='bbox 220 1085 442 1139; x_wconf 86' lang='lat' dir='ltr'>Confilio</span> <span class='ocrx_word' id='word_1_90' title='bbox 467 1083 750 1137; x_wconf 64' lang='lat' dir='ltr'>confectum</span> <span class='ocrx_word' id='word_1_91' title='bbox 778 1103 859 1155; x_wconf 92' lang='lat' dir='ltr'>per</span> <span class='ocrx_word' id='word_1_92' title='bbox 895 1083 1261 1155; x_wconf 84' lang='lat' dir='ltr'>Hieronymum</span> <span class='ocrx_word' id='word_1_93' title='bbox 1289 1086 1410 1133; x_wconf 86' lang='lat' dir='ltr'>Sanz</span> <span class='ocrx_word' id='word_1_94' title='bbox 1449 1081 1660 1154; x_wconf 80' lang='lat' dir='ltr'>Regium</span> <span class='ocrx_word' id='word_1_95' title='bbox 1692 1084 1990 1143; x_wconf 76' lang='lat' dir='ltr'>Notarium3</span> 
     </span>
     <span class='ocr_line' id='line_1_12' title="bbox 219 1158 1991 1233; baseline -0.002 -18"><span class='ocrx_word' id='word_1_96' title='bbox 219 1162 417 1216; x_wconf 88' lang='lat' dir='ltr'>testibus</span> <span class='ocrx_word' id='word_1_97' title='bbox 440 1160 651 1233; x_wconf 88' lang='lat' dir='ltr'>Josepho</span> <span class='ocrx_word' id='word_1_98' title='bbox 677 1160 839 1218; x_wconf 90' lang='lat' dir='ltr'>Sunir‚</span> <span class='ocrx_word' id='word_1_99' title='bbox 864 1164 917 1213; x_wconf 85' lang='lat'>&amp;</span> <span class='ocrx_word' id='word_1_100' title='bbox 940 1158 1223 1233; x_wconf 80' lang='lat' dir='ltr'>Hyacintho</span> <span class='ocrx_word' id='word_1_101' title='bbox 1248 1163 1441 1212; x_wconf 87' lang='lat' dir='ltr'>Gomez</span> <span class='ocrx_word' id='word_1_102' title='bbox 1465 1158 1542 1211; x_wconf 91' lang='lat' dir='ltr'>die</span> <span class='ocrx_word' id='word_1_103' title='bbox 1571 1178 1645 1209; x_wconf 88' lang='lat'><strong>21.</strong></span> <span class='ocrx_word' id='word_1_104' title='bbox 1671 1163 1722 1210; x_wconf 91' lang='lat' dir='ltr'>N</span> <span class='ocrx_word' id='word_1_105' title='bbox 1729 1179 1807 1213; x_wconf 90' lang='lat' dir='ltr'>ov</span> <span class='ocrx_word' id='word_1_106' title='bbox 1836 1159 1886 1211; x_wconf 92' lang='lat' dir='ltr'>in</span> <span class='ocrx_word' id='word_1_107' title='bbox 1903 1159 1991 1212; x_wconf 92' lang='lat' dir='ltr'>Ci-</span> 
     </span>
     <span class='ocr_line' id='line_1_13' title="bbox 219 1235 1990 1313; baseline -0.005 -20"><span class='ocrx_word' id='word_1_108' title='bbox 219 1240 366 1294; x_wconf 91' lang='lat' dir='ltr'>vitate</span> <span class='ocrx_word' id='word_1_109' title='bbox 389 1239 590 1291; x_wconf 88' lang='lat' dir='ltr'>Alcaniz</span> <span class='ocrx_word' id='word_1_110' title='bbox 614 1237 769 1312; x_wconf 82' lang='lat' dir='ltr'>Regni</span> <span class='ocrx_word' id='word_1_111' title='bbox 786 1238 1077 1313; x_wconf 81' lang='lat' dir='ltr'>Arragoniae‚</span> <span class='ocrx_word' id='word_1_112' title='bbox 1090 1236 1355 1309; x_wconf 86' lang='lat' dir='ltr'>totumque</span> <span class='ocrx_word' id='word_1_113' title='bbox 1378 1235 1527 1289; x_wconf 90' lang='lat' dir='ltr'>videri</span> <span class='ocrx_word' id='word_1_114' title='bbox 1549 1236 1704 1306; x_wconf 89' lang='lat' dir='ltr'>potest</span> <span class='ocrx_word' id='word_1_115' title='bbox 1721 1236 1851 1307; x_wconf 90' lang='lat' dir='ltr'>apud</span> <span class='ocrx_word' id='word_1_116' title='bbox 1867 1238 1934 1289; x_wconf 91' lang='lat' dir='ltr'>N</span> <span class='ocrx_word' id='word_1_117' title='bbox 1924 1257 1990 1290; x_wconf 82' lang='lat' dir='ltr'>ie.</span> 
     </span>
     <span class='ocr_line' id='line_1_14' title="bbox 218 1312 1986 1391; baseline -0.002 -21"><span class='ocrx_word' id='word_1_118' title='bbox 218 1315 556 1391; x_wconf 78' lang='lat' dir='ltr'>tenbergium</span> <span class='ocrx_word' id='word_1_119' title='bbox 545 1336 595 1368; x_wconf 90' lang='lat' dir='ltr'>1n</span> <span class='ocrx_word' id='word_1_120' title='bbox 611 1315 984 1387; x_wconf 87' lang='lat' dir='ltr'>Exceptionibus</span> <span class='ocrx_word' id='word_1_121' title='bbox 1009 1314 1218 1386; x_wconf 81' lang='lat' dir='ltr'>Concilij</span> <span class='ocrx_word' id='word_1_122' title='bbox 1244 1312 1570 1387; x_wconf 82' lang='lat' dir='ltr'>Tridentinis</span> <span class='ocrx_word' id='word_1_123' title='bbox 1582 1332 1684 1375; x_wconf 82' lang='lat'>207.</span> <span class='ocrx_word' id='word_1_124' title='bbox 1778 1314 1918 1366; x_wconf 89' lang='lat' dir='ltr'>Idem</span> <span class='ocrx_word' id='word_1_125' title='bbox 1943 1319 1986 1367; x_wconf 90' lang='lat' dir='ltr'>S.</span> 
     </span>
     <span class='ocr_line' id='line_1_15' title="bbox 218 1389 1988 1467; baseline -0.003 -19"><span class='ocrx_word' id='word_1_126' title='bbox 218 1394 502 1448; x_wconf 84' lang='lat' dir='ltr'>Vincentius</span> <span class='ocrx_word' id='word_1_127' title='bbox 527 1393 576 1445; x_wconf 89' lang='lat' dir='ltr'>in</span> <span class='ocrx_word' id='word_1_128' title='bbox 590 1398 737 1446; x_wconf 88' lang='lat' dir='ltr'>Serm.</span> <span class='ocrx_word' id='word_1_129' title='bbox 765 1393 825 1445; x_wconf 92' lang='lat' dir='ltr'>de</span> <span class='ocrx_word' id='word_1_130' title='bbox 849 1397 896 1445; x_wconf 90' lang='lat' dir='ltr'><strong>B.</strong></span> <span class='ocrx_word' id='word_1_131' title='bbox 920 1393 1130 1467; x_wconf 78' lang='lat' dir='ltr'>Virginis</span> <span class='ocrx_word' id='word_1_132' title='bbox 1155 1390 1515 1462; x_wconf 88' lang='lat' dir='ltr'>Conceptione:</span> <span class='ocrx_word' id='word_1_133' title='bbox 1552 1389 1739 1464; x_wconf 72' lang='lat' dir='ltr'>Qinta</span> <span class='ocrx_word' id='word_1_134' title='bbox 1758 1393 1988 1463; x_wconf 76' lang='lat' dir='ltr'>Conceptio</span> 
     </span>
     <span class='ocr_line' id='line_1_16' title="bbox 216 1467 1988 1548; baseline -0.002 -24"><span class='ocrx_word' id='word_1_135' title='bbox 216 1473 271 1548; x_wconf 82' lang='lat' dir='ltr'>est</span> <span class='ocrx_word' id='word_1_136' title='bbox 293 1469 570 1529; x_wconf 65' lang='lat' dir='ltr'>materialis,</span> <span class='ocrx_word' id='word_1_137' title='bbox 596 1490 693 1545; x_wconf 69' lang='lat' dir='ltr'>qua</span> <span class='ocrx_word' id='word_1_138' title='bbox 715 1472 773 1522; x_wconf 84' lang='lat' dir='ltr'><strong>B.</strong></span> <span class='ocrx_word' id='word_1_139' title='bbox 797 1471 949 1523; x_wconf 72' lang='lat' dir='ltr'>Anna</span> <span class='ocrx_word' id='word_1_140' title='bbox 971 1490 1021 1523; x_wconf 84' lang='lat' dir='ltr'>m</span> <span class='ocrx_word' id='word_1_141' title='bbox 1057 1485 1183 1521; x_wconf 76' lang='lat' dir='ltr'>utero</span> <span class='ocrx_word' id='word_1_142' title='bbox 1221 1471 1383 1520; x_wconf 52' lang='lat' dir='ltr'>Samio</span> <span class='ocrx_word' id='word_1_143' title='bbox 1409 1467 1553 1541; x_wconf 67' lang='lat' dir='ltr'>ipfhm</span> <span class='ocrx_word' id='word_1_144' title='bbox 1584 1469 1800 1540; x_wconf 80' lang='lat' dir='ltr'>concepit,</span> <span class='ocrx_word' id='word_1_145' title='bbox 1839 1467 1896 1530; x_wconf 55' lang='grc' dir='ltr'>εἰ</span> <span class='ocrx_word' id='word_1_146' title='bbox 1932 1468 1988 1521; x_wconf 76' lang='lat' dir='ltr'>de</span> 
     </span>
     <span class='ocr_line' id='line_1_17' title="bbox 215 1544 1993 1624; baseline -0.001 -24"><span class='ocrx_word' id='word_1_147' title='bbox 215 1551 300 1624; x_wconf 73' lang='lat' dir='ltr'>ista</span> <span class='ocrx_word' id='word_1_148' title='bbox 315 1548 370 1617; x_wconf 82' lang='lat' dir='ltr'>fit</span> <span class='ocrx_word' id='word_1_149' title='bbox 396 1547 521 1600; x_wconf 79' lang='lat' dir='ltr'>hodie</span> <span class='ocrx_word' id='word_1_150' title='bbox 504 1547 791 1619; x_wconf 76' lang='lat' dir='ltr'>solennitas.</span> <span class='ocrx_word' id='word_1_151' title='bbox 862 1549 940 1599; x_wconf 92' lang='lat' dir='ltr'>De</span> <span class='ocrx_word' id='word_1_152' title='bbox 961 1545 1081 1600; x_wconf 75' lang='lat' dir='ltr'><em>nullo</em></span> <span class='ocrx_word' id='word_1_153' title='bbox 1104 1544 1337 1617; x_wconf 66' lang='lat' dir='ltr'>Sandiofit</span> <span class='ocrx_word' id='word_1_154' title='bbox 1360 1547 1417 1596; x_wconf 83' lang='lat' dir='ltr'><em>F</em></span> <span class='ocrx_word' id='word_1_155' title='bbox 1398 1547 1534 1619; x_wconf 70' lang='lat' dir='ltr'>stum</span> <span class='ocrx_word' id='word_1_156' title='bbox 1559 1547 1887 1618; x_wconf 69' lang='lat' dir='ltr'>Conceptz&#39;onis‚</span> <span class='ocrx_word' id='word_1_157' title='bbox 1903 1545 1993 1617; x_wconf 69' lang='lat' dir='ltr'>72ss</span> 
     </span>
     <span class='ocr_line' id='line_1_18' title="bbox 220 1622 1987 1701; baseline -0.001 -23"><span class='ocrx_word' id='word_1_158' title='bbox 220 1625 397 1701; x_wconf 83' lang='lat' dir='ltr'>Christi,</span> <span class='ocrx_word' id='word_1_159' title='bbox 412 1623 468 1688; x_wconf 59' lang='grc' dir='ltr'>Εἴ</span> <span class='ocrx_word' id='word_1_160' title='bbox 495 1627 713 1700; x_wconf 64' lang='lat' dir='ltr'>Virginis.</span> <span class='ocrx_word' id='word_1_161' title='bbox 794 1624 984 1700; x_wconf 81' lang='lat' dir='ltr'>Allegat</span> <span class='ocrx_word' id='word_1_162' title='bbox 1007 1624 1210 1697; x_wconf 90' lang='lat' dir='ltr'>quidem</span> <span class='ocrx_word' id='word_1_163' title='bbox 1248 1622 1504 1676; x_wconf 85' lang='lat' dir='ltr'>Bandellus</span> <span class='ocrx_word' id='word_1_164' title='bbox 1530 1640 1700 1675; x_wconf 89' lang='lat' dir='ltr'>contra</span> <span class='ocrx_word' id='word_1_165' title='bbox 1737 1626 1987 1676; x_wconf 88' lang='lat' dir='ltr'>Immacu-</span> 
     </span>
     <span class='ocr_line' id='line_1_19' title="bbox 215 1698 1985 1774; baseline -0.002 -17"><span class='ocrx_word' id='word_1_166' title='bbox 215 1703 367 1757; x_wconf 86' lang='lat' dir='ltr'>latam</span> <span class='ocrx_word' id='word_1_167' title='bbox 394 1702 789 1774; x_wconf 89' lang='lat' dir='ltr'>Conceptionem</span> <span class='ocrx_word' id='word_1_168' title='bbox 813 1706 1016 1756; x_wconf 86' lang='lat' dir='ltr'>Beatum</span> <span class='ocrx_word' id='word_1_169' title='bbox 1040 1701 1381 1759; x_wconf 67' lang='lat' dir='ltr'>Vincendum,</span> <span class='ocrx_word' id='word_1_170' title='bbox 1414 1700 1492 1753; x_wconf 90' lang='lat' dir='ltr'>secl</span> <span class='ocrx_word' id='word_1_171' title='bbox 1514 1698 1657 1772; x_wconf 80' lang='lat' dir='ltr'>plane</span> <span class='ocrx_word' id='word_1_172' title='bbox 1681 1719 1985 1772; x_wconf 90' lang='lat' dir='ltr'>corruptum,</span> 
     </span>
     <span class='ocr_line' id='line_1_20' title="bbox 214 1776 1982 1854; baseline -0.003 -21"><span class='ocrx_word' id='word_1_173' title='bbox 214 1800 269 1834; x_wconf 90' lang='lat' dir='ltr'>ut</span> <span class='ocrx_word' id='word_1_174' title='bbox 293 1781 452 1836; x_wconf 88' lang='lat' dir='ltr'>videre</span> <span class='ocrx_word' id='word_1_175' title='bbox 476 1781 542 1832; x_wconf 89' lang='lat' dir='ltr'>est</span> <span class='ocrx_word' id='word_1_176' title='bbox 568 1780 696 1851; x_wconf 90' lang='lat' dir='ltr'>apud</span> <span class='ocrx_word' id='word_1_177' title='bbox 720 1784 774 1832; x_wconf 91' lang='lat' dir='ltr'>N</span> <span class='ocrx_word' id='word_1_178' title='bbox 778 1779 1145 1854; x_wconf 75' lang='lat' dir='ltr'>lerenberoium</span> <span class='ocrx_word' id='word_1_179' title='bbox 1157 1781 1206 1831; x_wconf 81' lang='lat' dir='ltr'>in</span> <span class='ocrx_word' id='word_1_180' title='bbox 1228 1779 1414 1850; x_wconf 83' lang='lat' dir='ltr'>Except</span> <span class='ocrx_word' id='word_1_181' title='bbox 1442 1781 1571 1830; x_wconf 86' lang='lat' dir='ltr'><strong>Conc.</strong></span> <span class='ocrx_word' id='word_1_182' title='bbox 1593 1776 1724 1829; x_wconf 67' lang='lat' dir='ltr'>‘Did</span> <span class='ocrx_word' id='word_1_183' title='bbox 1736 1776 1825 1851; x_wconf 84' lang='lat' dir='ltr'>fol.</span> <span class='ocrx_word' id='word_1_184' title='bbox 1851 1797 1982 1846; x_wconf 92' lang='grc'><em>244.</em></span> 
     </span>
     <span class='ocr_line' id='line_1_21' title="bbox 212 1853 1983 1942; baseline -0.001 -31"><span class='ocrx_word' id='word_1_185' title='bbox 212 1879 269 1911; x_wconf 88' lang='lat' dir='ltr'>ex</span> <span class='ocrx_word' id='word_1_186' title='bbox 296 1879 399 1931; x_wconf 87' lang='lat' dir='ltr'>quo</span> <span class='ocrx_word' id='word_1_187' title='bbox 424 1859 606 1928; x_wconf 82' lang='lat' dir='ltr'>lemper</span> <span class='ocrx_word' id='word_1_188' title='bbox 622 1856 798 1942; x_wconf 77' lang='lat' dir='ltr'>magis,</span> <span class='ocrx_word' id='word_1_189' title='bbox 823 1858 1077 1931; x_wconf 80' lang='lat' dir='ltr'>magisque</span> <span class='ocrx_word' id='word_1_190' title='bbox 1102 1856 1483 1913; x_wconf 85' lang='lat' dir='ltr'>confirmantur,</span> <span class='ocrx_word' id='word_1_191' title='bbox 1511 1874 1619 1927; x_wconf 86' lang='lat' dir='ltr'>quae</span> <span class='ocrx_word' id='word_1_192' title='bbox 1642 1853 1806 1925; x_wconf 88' lang='lat' dir='ltr'>postea</span> <span class='ocrx_word' id='word_1_193' title='bbox 1822 1855 1983 1909; x_wconf 64' lang='lat' dir='ltr'>dietu-</span> 
     </span>
     <span class='ocr_line' id='line_1_22' title="bbox 212 1931 1980 2007; baseline -0.002 -19"><span class='ocrx_word' id='word_1_194' title='bbox 212 1936 250 1988; x_wconf 89' lang='lat' dir='ltr'>ri</span> <span class='ocrx_word' id='word_1_195' title='bbox 275 1936 438 1989; x_wconf 88' lang='lat' dir='ltr'>sumus</span> <span class='ocrx_word' id='word_1_196' title='bbox 465 1935 524 1987; x_wconf 90' lang='lat' dir='ltr'>de</span> <span class='ocrx_word' id='word_1_197' title='bbox 547 1934 722 1987; x_wconf 83' lang='lat' dir='ltr'>vitiatis</span> <span class='ocrx_word' id='word_1_198' title='bbox 750 1933 977 2007; x_wconf 86' lang='lat' dir='ltr'>quoque,</span> <span class='ocrx_word' id='word_1_199' title='bbox 1016 1932 1349 2005; x_wconf 81' lang='lat' dir='ltr'>corruptisque</span> <span class='ocrx_word' id='word_1_200' title='bbox 1372 1931 1534 1990; x_wconf 87' lang='lat' dir='ltr'>locis,</span> <span class='ocrx_word' id='word_1_201' title='bbox 1568 1935 1621 1984; x_wconf 76' lang='grc' dir='ltr'>ὅ(</span> <span class='ocrx_word' id='word_1_202' title='bbox 1646 1932 1883 2006; x_wconf 88' lang='lat' dir='ltr'>sententijs</span> <span class='ocrx_word' id='word_1_203' title='bbox 1917 1938 1980 1986; x_wconf 92' lang='lat' dir='ltr'>D.</span> 
     </span>
     <span class='ocr_line' id='line_1_23' title="bbox 212 2008 1980 2066; baseline -0.001 -1"><span class='ocrx_word' id='word_1_204' title='bbox 212 2012 437 2066; x_wconf 83' lang='lat' dir='ltr'>Thomae.</span> <span class='ocrx_word' id='word_1_205' title='bbox 516 2011 655 2063; x_wconf 85' lang='lat' dir='ltr'>Idem</span> <span class='ocrx_word' id='word_1_206' title='bbox 679 2010 963 2065; x_wconf 89' lang='lat' dir='ltr'>Vincentius</span> <span class='ocrx_word' id='word_1_207' title='bbox 985 2011 1214 2064; x_wconf 83' lang='lat' dir='ltr'>Ferrerius</span> <span class='ocrx_word' id='word_1_208' title='bbox 1237 2014 1375 2061; x_wconf 82' lang='lat' dir='ltr'>Serm</span> <span class='ocrx_word' id='word_1_209' title='bbox 1389 2030 1427 2060; x_wconf 92' lang='grc'><em>2.</em></span> <span class='ocrx_word' id='word_1_210' title='bbox 1445 2008 1498 2060; x_wconf 86' lang='lat' dir='ltr'>de</span> <span class='ocrx_word' id='word_1_211' title='bbox 1521 2010 1835 2061; x_wconf 72' lang='lat' dir='ltr'>Nativitate·</span> <span class='ocrx_word' id='word_1_212' title='bbox 1858 2011 1980 2063; x_wconf 70' lang='lat' dir='ltr'>Mn</span> 
     </span>
     <span class='ocr_line' id='line_1_24' title="bbox 210 2085 1974 2163; baseline -0.002 -21"><span class='ocrx_word' id='word_1_213' title='bbox 210 2090 446 2147; x_wconf 70' lang='lat' dir='ltr'>credatis,</span> <span class='ocrx_word' id='word_1_214' title='bbox 436 2106 608 2161; x_wconf 79' lang='lat' dir='ltr'>inquit</span> <span class='ocrx_word' id='word_1_215' title='bbox 620 2108 736 2163; x_wconf 78' lang='lat' dir='ltr'>qma</span> <span class='ocrx_word' id='word_1_216' title='bbox 742 2090 898 2162; x_wconf 69' lang='lat' dir='ltr'>fecerit</span> <span class='ocrx_word' id='word_1_217' title='bbox 912 2089 1035 2160; x_wconf 77' lang='lat' dir='ltr'>stem</span> <span class='ocrx_word' id='word_1_218' title='bbox 1056 2090 1106 2140; x_wconf 79' lang='lat' dir='ltr'>in</span> <span class='ocrx_word' id='word_1_219' title='bbox 1128 2085 1275 2146; x_wconf 65' lang='lat' dir='ltr'>nobes,</span> <span class='ocrx_word' id='word_1_220' title='bbox 1292 2089 1375 2162; x_wconf 76' lang='lat' dir='ltr'>qui</span> <span class='ocrx_word' id='word_1_221' title='bbox 1397 2089 1445 2138; x_wconf 82' lang='lat' dir='ltr'>in</span> <span class='ocrx_word' id='word_1_222' title='bbox 1461 2090 1656 2158; x_wconf 67' lang='lat' dir='ltr'>peccatis</span> <span class='ocrx_word' id='word_1_223' title='bbox 1672 2089 1974 2159; x_wconf 58' lang='lat' dir='ltr'>concipimum</span> 
     </span>
     <span class='ocr_line' id='line_1_25' title="bbox 194 2161 1979 2242; baseline -0.001 -23"><span class='ocrx_word' id='word_1_224' title='bbox 194 2167 455 2242; x_wconf 79' lang='lat' dir='ltr'>sdstatim</span> <span class='ocrx_word' id='word_1_225' title='bbox 480 2186 536 2218; x_wconf 80' lang='lat' dir='ltr'>ac</span> <span class='ocrx_word' id='word_1_226' title='bbox 561 2167 840 2240; x_wconf 73' lang='lat' dir='ltr'>ammafnit</span> <span class='ocrx_word' id='word_1_227' title='bbox 863 2181 1052 2224; x_wconf 72' lang='lat' dir='ltr'>creata,</span> <span class='ocrx_word' id='word_1_228' title='bbox 1080 2167 1175 2239; x_wconf 68' lang='lat' dir='ltr'>ficit</span> <span class='ocrx_word' id='word_1_229' title='bbox 1197 2167 1354 2216; x_wconf 63' lang='lat' dir='ltr'>Sanch</span> <span class='ocrx_word' id='word_1_230' title='bbox 1369 2178 1516 2222; x_wconf 59' lang='lat' dir='ltr'>icam,</span> <span class='ocrx_word' id='word_1_231' title='bbox 1551 2161 1784 2238; x_wconf 71' lang='lat' dir='ltr'>&amp;statim</span> <span class='ocrx_word' id='word_1_232' title='bbox 1809 2163 1979 2241; x_wconf 75' lang='lat' dir='ltr'>Angeli</span> 
     </span>
    </p>
   </div>
   <div class='ocr_carea' id='block_1_3' title="bbox 209 2242 1976 2394">
    <p class='ocr_par' dir='ltr' id='par_1_3' title="bbox 209 2242 1976 2392">
     <span class='ocr_line' id='line_1_26' title="bbox 209 2242 1285 2317; baseline -0.006 -20"><span class='ocrx_word' id='word_1_233' title='bbox 209 2247 260 2297; x_wconf 84' lang='lat' dir='ltr'>in</span> <span class='ocrx_word' id='word_1_234' title='bbox 278 2243 393 2297; x_wconf 81' lang='lat' dir='ltr'><em>Coelo</em></span> <span class='ocrx_word' id='word_1_235' title='bbox 416 2242 761 2296; x_wconf 75' lang='lat' dir='ltr'>celebraverunt</span> <span class='ocrx_word' id='word_1_236' title='bbox 776 2245 949 2317; x_wconf 73' lang='lat' dir='ltr'>Festum</span> <span class='ocrx_word' id='word_1_237' title='bbox 973 2244 1285 2314; x_wconf 66' lang='lat' dir='ltr'>Conceptionc&#39;s.</span> 
     </span>
     <span class='ocr_line' id='line_1_27' title="bbox 326 2315 1976 2394; baseline -0.001 -21"><span class='ocrx_word' id='word_1_238' title='bbox 326 2319 493 2373; x_wconf 64' lang='grc' dir='ltr'><em>(Πνῑὶὸ.</em></span> <span class='ocrx_word' id='word_1_239' title='bbox 568 2326 609 2372; x_wconf 89' lang='lat' dir='ltr'>S.</span> <span class='ocrx_word' id='word_1_240' title='bbox 628 2320 851 2372; x_wconf 91' lang='lat' dir='ltr'>Albertus</span> <span class='ocrx_word' id='word_1_241' title='bbox 864 2324 1080 2394; x_wconf 81' lang='lat' dir='ltr'>Magnus</span> <span class='ocrx_word' id='word_1_242' title='bbox 1103 2322 1153 2371; x_wconf 92' lang='lat' dir='ltr'>in</span> <span class='ocrx_word' id='word_1_243' title='bbox 1175 2316 1248 2371; x_wconf 78' lang='lat' dir='ltr'>lib.</span> <span class='ocrx_word' id='word_1_244' title='bbox 1265 2317 1319 2369; x_wconf 85' lang='lat' dir='ltr'>de</span> <span class='ocrx_word' id='word_1_245' title='bbox 1341 2315 1590 2370; x_wconf 72' lang='lat' dir='ltr'>Laudibus</span> <span class='ocrx_word' id='word_1_246' title='bbox 1616 2320 1834 2392; x_wconf 65' lang='lat' dir='ltr'>Virgines.</span> <span class='ocrx_word' id='word_1_247' title='bbox 1889 2324 1976 2372; x_wconf 87' lang='lat' dir='ltr'>Su-</span> 
     </span>
    </p>
   </div>
   <div class='ocr_carea' id='block_1_4' title="bbox 203 2394 1976 3091">
    <p class='ocr_par' dir='ltr' id='par_1_4' title="bbox 203 2394 1976 3091">
     <span class='ocr_line' id='line_1_28' title="bbox 208 2394 1976 2479; baseline -0.003 -27"><span class='ocrx_word' id='word_1_248' title='bbox 208 2419 289 2471; x_wconf 88' lang='lat' dir='ltr'>per</span> <span class='ocrx_word' id='word_1_249' title='bbox 305 2397 488 2451; x_wconf 81' lang='lat' dir='ltr'>Missus.</span> <span class='ocrx_word' id='word_1_250' title='bbox 568 2398 679 2448; x_wconf 80' lang='lat' dir='ltr'>Haec</span> <span class='ocrx_word' id='word_1_251' title='bbox 705 2398 846 2472; x_wconf 79' lang='lat' dir='ltr'>Virgo</span> <span class='ocrx_word' id='word_1_252' title='bbox 860 2365 988 2472; x_wconf 46' lang='lat' dir='ltr'><em>fola&amp;</em></span> <span class='ocrx_word' id='word_1_253' title='bbox 982 2418 1014 2448; x_wconf 74' lang='lat' dir='ltr'><em>a</em></span> <span class='ocrx_word' id='word_1_254' title='bbox 1041 2399 1270 2449; x_wconf 72' lang='lat' dir='ltr'>communi</span> <span class='ocrx_word' id='word_1_255' title='bbox 1291 2394 1370 2447; x_wconf 71' lang='lat' dir='ltr'>illei</span> <span class='ocrx_word' id='word_1_256' title='bbox 1387 2394 1564 2479; x_wconf 69' lang='lat' dir='ltr'>Regula</span> <span class='ocrx_word' id='word_1_257' title='bbox 1585 2398 1837 2467; x_wconf 69' lang='lat' dir='ltr'>excipitur:</span> <span class='ocrx_word' id='word_1_258' title='bbox 1856 2399 1976 2448; x_wconf 80' lang='lat' dir='ltr'>Om-</span> 
     </span>
     <span class='ocr_line' id='line_1_29' title="bbox 207 2473 1972 2548; baseline -0.003 -18"><span class='ocrx_word' id='word_1_259' title='bbox 207 2497 284 2530; x_wconf 85' lang='lat' dir='ltr'>nes</span> <span class='ocrx_word' id='word_1_260' title='bbox 305 2478 356 2529; x_wconf 87' lang='lat' dir='ltr'>in</span> <span class='ocrx_word' id='word_1_261' title='bbox 381 2475 550 2527; x_wconf 71' lang='lat' dir='ltr'>Adam</span> <span class='ocrx_word' id='word_1_262' title='bbox 566 2489 890 2548; x_wconf 75' lang='lat' dir='ltr'>peccaverunt.</span> <span class='ocrx_word' id='word_1_263' title='bbox 984 2475 1076 2527; x_wconf 87' lang='lat' dir='ltr'>Et</span> <span class='ocrx_word' id='word_1_264' title='bbox 1066 2495 1115 2526; x_wconf 82' lang='lat' dir='ltr'>in</span> <span class='ocrx_word' id='word_1_265' title='bbox 1153 2473 1304 2526; x_wconf 87' lang='lat' dir='ltr'>Biblia</span> <span class='ocrx_word' id='word_1_266' title='bbox 1328 2473 1548 2524; x_wconf 76' lang='lat' dir='ltr'>Mariana</span> <span class='ocrx_word' id='word_1_267' title='bbox 1581 2473 1715 2543; x_wconf 72' lang='lat' dir='ltr'>{uper</span> <span class='ocrx_word' id='word_1_268' title='bbox 1745 2473 1972 2539; x_wconf 68' lang='lat' dir='ltr'>Evam-el.</span> 
     </span>
     <span class='ocr_line' id='line_1_30' title="bbox 207 2549 1976 2625; baseline -0.005 -18"><span class='ocrx_word' id='word_1_269' title='bbox 207 2559 367 2607; x_wconf 86' lang='lat' dir='ltr'>Lucae.</span> <span class='ocrx_word' id='word_1_270' title='bbox 453 2555 519 2605; x_wconf 70' lang='lat' dir='ltr'>We</span> <span class='ocrx_word' id='word_1_271' title='bbox 542 2551 672 2625; x_wconf 70' lang='lat' dir='ltr'>culpae</span> <span class='ocrx_word' id='word_1_272' title='bbox 695 2553 749 2625; x_wconf 72' lang='lat' dir='ltr'>est</span> <span class='ocrx_word' id='word_1_273' title='bbox 777 2550 970 2625; x_wconf 78' lang='lat' dir='ltr'>triplex,</span> <span class='ocrx_word' id='word_1_274' title='bbox 977 2551 1174 2623; x_wconf 79' lang='lat' dir='ltr'>silicet</span> <span class='ocrx_word' id='word_1_275' title='bbox 1214 2549 1491 2624; x_wconf 64' lang='lat' dir='ltr'>Originalc&#39;e,</span> <span class='ocrx_word' id='word_1_276' title='bbox 1518 2549 1785 2606; x_wconf 53' lang='lat' dir='ltr'>Mortales,</span> <span class='ocrx_word' id='word_1_277' title='bbox 1811 2549 1867 2612; x_wconf 65' lang='lat'>¹35</span> <span class='ocrx_word' id='word_1_278' title='bbox 1894 2553 1976 2603; x_wconf 82' lang='lat' dir='ltr'>V-</span> 
     </span>
     <span class='ocr_line' id='line_1_31' title="bbox 207 2626 1972 2704; baseline -0.001 -22"><span class='ocrx_word' id='word_1_279' title='bbox 207 2630 384 2689; x_wconf 68' lang='lat' dir='ltr'>niali&#39;s,</span> <span class='ocrx_word' id='word_1_280' title='bbox 434 2628 638 2702; x_wconf 72' lang='lat' dir='ltr'>porrbt</span> <span class='ocrx_word' id='word_1_281' title='bbox 593 2630 646 2701; x_wconf 93' lang='lat' dir='ltr'><em>s</em></span> <span class='ocrx_word' id='word_1_282' title='bbox 641 2648 693 2681; x_wconf 87' lang='lat' dir='ltr'>ne</span> <span class='ocrx_word' id='word_1_283' title='bbox 723 2630 798 2703; x_wconf 83' lang='lat' dir='ltr'>isto</span> <span class='ocrx_word' id='word_1_284' title='bbox 831 2627 997 2701; x_wconf 81' lang='lat' dir='ltr'>triplici</span> <span class='ocrx_word' id='word_1_285' title='bbox 1039 2650 1107 2681; x_wconf 75' lang='lat' dir='ltr'>vae</span> <span class='ocrx_word' id='word_1_286' title='bbox 1148 2629 1252 2702; x_wconf 68' lang='lat' dir='ltr'>ficit</span> <span class='ocrx_word' id='word_1_287' title='bbox 1287 2611 1552 2704; x_wconf 66' lang='lat' dir='ltr'>cBeeztiffimee</span> <span class='ocrx_word' id='word_1_288' title='bbox 1592 2629 1656 2679; x_wconf 88' lang='lat' dir='ltr'><em>V</em></span> <span class='ocrx_word' id='word_1_289' title='bbox 1639 2647 1734 2701; x_wconf 64' lang='lat' dir='ltr'>crgo</span> <span class='ocrx_word' id='word_1_290' title='bbox 1769 2629 1972 2682; x_wconf 68' lang='lat' dir='ltr'>Maria.</span> 
     </span>
     <span class='ocr_line' id='line_1_32' title="bbox 206 2705 1971 2779; baseline -0.001 -20"><span class='ocrx_word' id='word_1_291' title='bbox 206 2709 313 2760; x_wconf 75' lang='lat' dir='ltr'>Mc</span> <span class='ocrx_word' id='word_1_292' title='bbox 336 2707 462 2759; x_wconf 74' lang='lat' dir='ltr'>dicas</span> <span class='ocrx_word' id='word_1_293' title='bbox 486 2707 673 2760; x_wconf 88' lang='lat' dir='ltr'>sensum</span> <span class='ocrx_word' id='word_1_294' title='bbox 697 2712 738 2758; x_wconf 88' lang='lat' dir='ltr'>S.</span> <span class='ocrx_word' id='word_1_295' title='bbox 753 2706 936 2759; x_wconf 85' lang='lat' dir='ltr'>Alberti</span> <span class='ocrx_word' id='word_1_296' title='bbox 960 2727 1062 2759; x_wconf 91' lang='lat' dir='ltr'>non</span> <span class='ocrx_word' id='word_1_297' title='bbox 1093 2705 1181 2758; x_wconf 88' lang='lat' dir='ltr'>esse</span> <span class='ocrx_word' id='word_1_298' title='bbox 1197 2747 1209 2764; x_wconf 84' lang='lat'>‚</span> <span class='ocrx_word' id='word_1_299' title='bbox 1242 2724 1296 2757; x_wconf 90' lang='lat' dir='ltr'>ut</span> <span class='ocrx_word' id='word_1_300' title='bbox 1320 2709 1367 2756; x_wconf 95' lang='grc' dir='ltr'><em>Β.</em></span> <span class='ocrx_word' id='word_1_301' title='bbox 1394 2705 1546 2779; x_wconf 77' lang='lat' dir='ltr'>Virgo</span> <span class='ocrx_word' id='word_1_302' title='bbox 1571 2724 1828 2776; x_wconf 90' lang='lat' dir='ltr'>nunquam</span> <span class='ocrx_word' id='word_1_303' title='bbox 1852 2725 1971 2758; x_wconf 90' lang='lat' dir='ltr'>con-</span> 
     </span>
     <span class='ocr_line' id='line_1_33' title="bbox 206 2780 1970 2858; baseline -0.003 -18"><span class='ocrx_word' id='word_1_304' title='bbox 206 2785 394 2841; x_wconf 84' lang='lat' dir='ltr'>traxerit</span> <span class='ocrx_word' id='word_1_305' title='bbox 417 2784 701 2858; x_wconf 65' lang='lat' dir='ltr'>Origffiale,</span> <span class='ocrx_word' id='word_1_306' title='bbox 735 2784 813 2836; x_wconf 89' lang='lat' dir='ltr'>sed</span> <span class='ocrx_word' id='word_1_307' title='bbox 838 2783 974 2856; x_wconf 92' lang='lat' dir='ltr'>quod</span> <span class='ocrx_word' id='word_1_308' title='bbox 997 2802 1196 2857; x_wconf 75' lang='lat' dir='ltr'>purgata</span> <span class='ocrx_word' id='word_1_309' title='bbox 1222 2782 1309 2834; x_wconf 92' lang='lat' dir='ltr'>illo</span> <span class='ocrx_word' id='word_1_310' title='bbox 1347 2781 1507 2835; x_wconf 87' lang='lat' dir='ltr'>fuerit:</span> <span class='ocrx_word' id='word_1_311' title='bbox 1545 2803 1661 2834; x_wconf 86' lang='lat' dir='ltr'>nam</span> <span class='ocrx_word' id='word_1_312' title='bbox 1680 2787 1720 2834; x_wconf 91' lang='lat' dir='ltr'><strong>S.</strong></span> <span class='ocrx_word' id='word_1_313' title='bbox 1746 2780 1970 2835; x_wconf 85' lang='lat' dir='ltr'>Albertus</span> 
     </span>
     <span class='ocr_line' id='line_1_34' title="bbox 203 2858 1970 2935; baseline -0.002 -19"><span class='ocrx_word' id='word_1_314' title='bbox 203 2862 382 2917; x_wconf 88' lang='lat' dir='ltr'>eodem</span> <span class='ocrx_word' id='word_1_315' title='bbox 406 2863 565 2914; x_wconf 91' lang='lat' dir='ltr'>modo</span> <span class='ocrx_word' id='word_1_316' title='bbox 589 2862 648 2913; x_wconf 90' lang='lat' dir='ltr'>de</span> <span class='ocrx_word' id='word_1_317' title='bbox 672 2882 743 2916; x_wconf 77' lang='lat' dir='ltr'>va:</span> <span class='ocrx_word' id='word_1_318' title='bbox 774 2860 1046 2935; x_wconf 78' lang='lat' dir='ltr'>Originali,</span> <span class='ocrx_word' id='word_1_319' title='bbox 1083 2881 1137 2913; x_wconf 91' lang='lat' dir='ltr'>ac</span> <span class='ocrx_word' id='word_1_320' title='bbox 1162 2860 1221 2912; x_wconf 91' lang='lat' dir='ltr'>de</span> <span class='ocrx_word' id='word_1_321' title='bbox 1244 2880 1315 2913; x_wconf 82' lang='lat' dir='ltr'>vae</span> <span class='ocrx_word' id='word_1_322' title='bbox 1341 2859 1518 2911; x_wconf 69' lang='lat' dir='ltr'>actuali</span> <span class='ocrx_word' id='word_1_323' title='bbox 1550 2858 1793 2931; x_wconf 87' lang='lat' dir='ltr'>loquitur·</span> <span class='ocrx_word' id='word_1_324' title='bbox 1784 2894 1797 2917; x_wconf 70' lang='lat'>³</span> <span class='ocrx_word' id='word_1_325' title='bbox 1831 2860 1970 2931; x_wconf 79' lang='lat' dir='ltr'>atqui</span> 
     </span>
     <span class='ocr_line' id='line_1_35' title="bbox 203 2934 1970 3010; baseline -0.004 -15"><span class='ocrx_word' id='word_1_326' title='bbox 203 2961 273 2995; x_wconf 77' lang='lat' dir='ltr'>vae</span> <span class='ocrx_word' id='word_1_327' title='bbox 297 2938 486 2991; x_wconf 66' lang='lat' dir='ltr'>astuale</span> <span class='ocrx_word' id='word_1_328' title='bbox 509 2958 767 3010; x_wconf 86' lang='lat' dir='ltr'>nunquam</span> <span class='ocrx_word' id='word_1_329' title='bbox 791 2938 998 2990; x_wconf 88' lang='lat' dir='ltr'>incurrit.</span> <span class='ocrx_word' id='word_1_330' title='bbox 1101 2937 1226 2989; x_wconf 88' lang='lat' dir='ltr'>Dein</span> <span class='ocrx_word' id='word_1_331' title='bbox 1258 2957 1361 2988; x_wconf 89' lang='lat' dir='ltr'>non</span> <span class='ocrx_word' id='word_1_332' title='bbox 1397 2934 1549 2988; x_wconf 68' lang='lat' dir='ltr'>fuisset</span> <span class='ocrx_word' id='word_1_333' title='bbox 1576 2936 1622 2987; x_wconf 89' lang='lat' dir='ltr'>id</span> <span class='ocrx_word' id='word_1_334' title='bbox 1651 2936 1845 3007; x_wconf 80' lang='lat' dir='ltr'>speciale</span> <span class='ocrx_word' id='word_1_335' title='bbox 1873 2937 1970 2988; x_wconf 88' lang='lat' dir='ltr'>Pri-</span> 
     </span>
     <span class='ocr_line' id='line_1_36' title="bbox 203 3013 1970 3091; baseline -0.003 -19"><span class='ocrx_word' id='word_1_336' title='bbox 203 3016 438 3091; x_wconf 78' lang='lat' dir='ltr'>vilegium</span> <span class='ocrx_word' id='word_1_337' title='bbox 462 3020 509 3067; x_wconf 86' lang='lat' dir='ltr'><strong>B.</strong></span> <span class='ocrx_word' id='word_1_338' title='bbox 524 3015 756 3089; x_wconf 80' lang='lat' dir='ltr'>Virginis,</span> <span class='ocrx_word' id='word_1_339' title='bbox 781 3035 897 3067; x_wconf 89' lang='lat' dir='ltr'>cum</span> <span class='ocrx_word' id='word_1_340' title='bbox 916 3019 967 3068; x_wconf 68' lang='grc' dir='ltr'>ὅ(</span> <span class='ocrx_word' id='word_1_341' title='bbox 986 3019 1032 3067; x_wconf 92' lang='grc' dir='ltr'><em>Β.</em></span> <span class='ocrx_word' id='word_1_342' title='bbox 1050 3018 1260 3086; x_wconf 87' lang='lat' dir='ltr'>Joannes</span> <span class='ocrx_word' id='word_1_343' title='bbox 1286 3014 1524 3085; x_wconf 83' lang='lat' dir='ltr'>Baptista,</span> <span class='ocrx_word' id='word_1_344' title='bbox 1565 3018 1616 3066; x_wconf 70' lang='grc' dir='ltr'>ὅ(</span> <span class='ocrx_word' id='word_1_345' title='bbox 1647 3013 1807 3065; x_wconf 64' lang='lat' dir='ltr'>Sancti</span> <span class='ocrx_word' id='word_1_346' title='bbox 1835 3017 1970 3085; x_wconf 84' lang='lat' dir='ltr'>Apo-</span> 
     </span>
    </p>
   </div>
   <div class='ocr_carea' id='block_1_5' title="bbox 199 3091 1970 3243">
    <p class='ocr_par' dir='ltr' id='par_1_5' title="bbox 199 3091 1970 3243">
     <span class='ocr_line' id='line_1_37' title="bbox 199 3091 1970 3164; baseline -0.002 -17"><span class='ocrx_word' id='word_1_347' title='bbox 199 3094 333 3152; x_wconf 89' lang='lat' dir='ltr'>stoli,</span> <span class='ocrx_word' id='word_1_348' title='bbox 358 3114 413 3147; x_wconf 91' lang='lat' dir='ltr'>ac</span> <span class='ocrx_word' id='word_1_349' title='bbox 436 3111 511 3148; x_wconf 89' lang='lat' dir='ltr'>tot</span> <span class='ocrx_word' id='word_1_350' title='bbox 533 3093 687 3147; x_wconf 89' lang='lat' dir='ltr'>millia</span> <span class='ocrx_word' id='word_1_351' title='bbox 708 3092 951 3146; x_wconf 87' lang='lat' dir='ltr'>infantum</span> <span class='ocrx_word' id='word_1_352' title='bbox 988 3093 1352 3163; x_wconf 77' lang='lat' dir='ltr'>Baptizatorum</span> <span class='ocrx_word' id='word_1_353' title='bbox 1379 3091 1665 3163; x_wconf 84' lang='lat' dir='ltr'>reperiantur</span> <span class='ocrx_word' id='word_1_354' title='bbox 1694 3127 1709 3147; x_wconf 84' lang='grc'>,</span> <span class='ocrx_word' id='word_1_355' title='bbox 1747 3092 1831 3164; x_wconf 89' lang='lat' dir='ltr'>qui</span> <span class='ocrx_word' id='word_1_356' title='bbox 1857 3111 1970 3163; x_wconf 87' lang='lat' dir='ltr'>pur-</span> 
     </span>
     <span class='ocr_line' id='line_1_38' title="bbox 1868 3187 1965 3243; baseline -0.01 -21"><span class='ocrx_word' id='word_1_357' title='bbox 1868 3187 1965 3243; x_wconf 69' lang='lat' dir='ltr'>gau.</span> 
     </span>
    </p>
   </div>
  </div>
 </body>
</html>
