2112 3491
779 244 1162 313 >1<(25)›1⁴

89 362 286 436 dempta.
368 360 413 412 Si
437 378 555 433 ergo
580 358 858 417 ostendero,
898 357 1023 411 hanc
1048 361 1290 411 rationem
1315 375 1419 409 non
1444 356 1638 410 tantum
1662 359 1749 413 effe
1772 360 1859 415 fal-

91 443 218 499 sam,
241 436 413 494 verum
437 438 584 489 etiam
609 456 696 508 pro
720 435 831 488 falsa
855 434 882 488 a
901 441 941 488 S.
970 434 1169 487 Thoma
1193 433 1280 487 effe
1303 434 1568 507 judicatam
1589 475 1601 493 ,
1639 436 1859 509 sequetur

90 514 358 572 necessario,
376 533 459 568 aut
485 519 526 566 S.
551 513 808 566 Thomam
825 533 881 565 ex
898 512 1136 585 principijs
1160 516 1575 586 Argumentatum
1598 511 1685 566 effe
1709 555 1721 572 ,
1748 534 1859 586 quae

93 597 186 667 ipse
222 613 311 665 pro
348 592 470 644 falsis
504 590 675 644 habuit
717 591 887 662 (quod
921 609 1057 643 tanto
1089 594 1310 642 Doctore
1342 590 1601 664 indignum
1646 592 1859 644 omnino

91 673 187 730 est,
213 670 319 742 quis
344 670 477 721 enim
493 669 579 720 n1s1
604 668 834 739 perfidus,
872 667 921 719 in
945 687 993 720 re
1030 685 1134 719 tam
1158 667 1283 719 sacra
1307 707 1318 725 ,
1355 667 1575 739 tantique
1599 671 1860 727 momenti,

14 780 19 782 -
89 768 178 821 pro
201 747 322 802 veris
344 745 581 819 principijs
598 747 769 798 statuat
785 785 797 803 ,
835 742 1148 816 venditetc'lue
1165 785 1176 801 ‚
1211 764 1266 796 ac
1290 742 1389 815 alijs
1414 745 1687 814 persuadere
1710 765 1861 798 cone-

88 844 167 880 tur
183 867 195 885 ‚
233 845 341 897 qua:
360 823 469 875 falsa
493 820 580 875 effe
604 823 743 877 novit
759 863 771 880 ‚
796 825 849 875 ὃς
873 842 981 894 quae
999 820 1107 874 falsa
1131 819 1219 873 effe
1242 820 1357 873 alibi
1381 820 1607 892 profess'us
1631 824 1721 874 est?
1741 830 1754 891 )
1775 841 1859 876 aut

89 923 194 956 non
218 900 347 955 fuiffe
371 905 469 973 ejus
492 917 738 958 mentem,
762 918 818 952 ex
836 899 951 952 falso
976 898 1060 951 illo
1084 899 1320 970 principio
1347 902 1605 950 Peccatum
1632 900 1859 973 Origina-

93 981 138 1033 le
160 981 375 1051 Deiparae
409 978 665 1031 attribuere
691 1000 705 1035 3
740 979 793 1030 ὃς
820 976 932 1029 ideo
966 996 1224 1048 nunquam
1250 973 1507 1028 attribuisse
1532 1012 1546 1031 ‚
1594 977 1709 1048 quia
1733 997 1860 1029 nun-

89 1077 242 1131 quam
265 1056 398 1109 aliter
422 1055 662 1113 attribuit,
686 1054 771 1106 nisi
793 1074 850 1106 ex
877 1053 987 1108 falsa
1010 1053 1090 1106 illa
1106 1094 1118 1112 ,
1136 1052 1445 1126 invalidac'lue
1478 1054 1688 1105 ratione:
1776 1057 1860 1106 ma

67 1133 214 1187 ¹ulicis
246 1154 337 1187 non
382 1131 547 1208 egmfflt
580 1131 911 1204 Redemptione.
1037 1134 1107 1184 Ut
1138 1149 1266 1203 patet
1310 1150 1368 1182 ex
1411 1150 1444 1182 J.
1478 1151 1519 1182 2.
1556 1150 1600 1205 q.
1638 1135 1708 1182 81.
1731 1152 1774 1182 a.
1814 1151 1860 1195 3.

89 1217 149 1265 Et
174 1227 268 1283 347.
293 1231 334 1286 q.
354 1231 429 1273 27.
454 1225 544 1262 art.
567 1231 607 1261 2.
632 1213 684 1263 &
710 1208 822 1262 ibid.
828 1208 965 1282 βίαι.
997 1208 1066 1260 ad
1077 1230 1118 1260 2.
1209 1212 1268 1262 Et
1293 1228 1335 1283 q.
1353 1213 1436 1272 78.
1460 1228 1504 1259 a.
1534 1229 1565 1259 l.
1590 1207 1660 1260 ad
1674 1227 1719 1271 3.
1800 1214 1860 1263 Et

89 1287 574 1365 qlzodlib.6.q.4.a.l.
655 1292 739 1340 Et:
778 1288 834 1339 In
855 1291 1101 1350 3.Sentent.
1126 1284 1169 1337 d.
1183 1304 1225 1349 >⁹-
1243 1306 1286 1336 ιι.
1304 1306 1336 1337 J.
1417 1291 1475 1338 Et
1502 1288 1552 1338 in
1583 1304 1639 1352 4.
1667 1290 1857 1338 Sentent.

89 1366 336 1441 d-43-q-1-
364 1385 409 1416 a.
433 1364 623 1432 4.ad3.
705 1369 763 1417 Et
785 1367 835 1416 in
858 1363 1077 1436 compend.
1093 1361 1302 1438 Theolog.
1321 1383 1353 1415 c.
1378 1383 1476 1426 231.
1558 1368 1615 1416 Et
1637 1369 1687 1415 m
1707 1383 1782 1438 qq.
1807 1363 1861 1416 de

25 1453 31 1460 “
88 1443 212 1495 malo
224 1464 264 1519 q.
284 1462 336 1510 4.
362 1463 404 1494 a.
422 1448 464 1492 ό.
544 1447 617 1494 En
648 1441 733 1494 tibi
762 1442 917 1495 decies
942 1441 1192 1513 repetitam
1220 1441 1484 1498 rationem,
1519 1461 1628 1513 quae
1654 1461 1758 1492 non
1785 1442 1860 1493 so-

91 1520 198 1574 lum
226 1522 457 1574 omnium
488 1520 757 1572 doctorum
791 1523 844 1572 δε
868 1519 1188 1571 indoctorum
1214 1559 1226 1577 ,
1263 1517 1436 1572 verum
1474 1520 1621 1570 etiam
1646 1518 1785 1590 ipsius
1815 1524 1858 1570 S.

88 1599 323 1652 Doctoris
345 1597 576 1650 consensu
599 1596 807 1650 invalida
834 1598 913 1655 est,
931 1615 984 1649 ut
1008 1617 1128 1648 mox
1151 1595 1441 1649 videbimus.

203 1679 271 1728 II.
354 1674 616 1728 Sciendum
644 1674 786 1748 igitur
808 1715 821 1733 ,
844 1674 963 1727 ficut
986 1672 1162 1745 duplex
1187 1674 1252 1725 est
1277 1673 1543 1731 medicina,
1573 1674 1859 1745 praeſsrvati-

90 1773 187 1813 va,
211 1757 264 1807 &
288 1754 536 1812 curativa3
575 1753 657 1805 ista
681 1772 791 1824 quae
815 1751 1006 1805 malum
1029 1751 1158 1804 tollit
1180 1792 1191 1809 ‚
1251 1751 1512 1823 postquam
1548 1751 1731 1809 evenit,
1778 1751 1860 1804 illa

90 1851 198 1903 quae
226 1831 428 1901 impedit
446 1871 456 1888 ‚
494 1849 554 1882 ne
578 1831 789 1888 eveniat,
828 1834 897 1882 Ita
920 1828 1166 1900 duplicem
1194 1827 1281 1880 effe
1304 1828 1706 1898 redemptionem.
1766 1833 1860 1882 Re-

89 1908 310 1980 demptio
330 1908 672 1980 praeftrvatz'va
698 1926 801 1959 non
826 1908 1049 1977 supponit
1076 1924 1331 1977 peccatum
1366 1946 1377 1963 ,
1413 1906 1488 1957 sed
1513 1905 1735 1957 debitum
1754 1926 1859 1959 tan-

89 1984 223 2045 tum,
256 2004 338 2038 aut
373 1984 641 2055 potentiam
667 1984 923 2055 peccandi:
973 1983 1103 2036 Sicut
1128 1982 1369 2035 medicina
1386 1984 1727 2056 praeſsr-vativa
1753 2005 1860 2037 non

90 2063 312 2135 supponit
336 2061 580 2114 actualem
607 2061 868 2120 morbum,
895 2061 971 2129 sed
995 2059 1189 2113 tantum
1213 2060 1484 2132 periculum
1509 2060 1685 2113 morbi.
1748 2065 1859 2114 Hu-

89 2144 160 2214 jus
185 2139 300 2194 vero
332 2139 676 2210 redemptionis
695 2139 1122 2211 prafirvatz'vae,&
1141 2138 1189 2189 in
1225 2143 1373 2190 Sacris
1398 2137 1585 2195 litteris,
1613 2142 1666 2191 ὃς
1691 2138 1740 2190 in
1774 2144 1858 2192 Pa-

88 2217 263 2276 tribus,
288 2220 340 2269 δε
369 2217 418 2269 in
464 2215 917 2289 Legumlatoribus,
967 2236 1020 2268 ac
1045 2215 1146 2287 ipso
1174 2220 1233 2267 D.
1252 2214 1452 2267 Thoma
1479 2215 1858 2288 frequentiffima

89 2295 154 2347 est
177 2294 430 2347 memoria.
512 2299 563 2345 N
570 2315 650 2345 am
676 2293 983 2346 Ecclesiastici
1018 2311 1086 2345 18.
1135 2294 1263 2345 Ante
1287 2291 1552 2367 languorem
1575 2290 1740 2346 adhibe
1764 2313 1859 2346 me-

92 2371 328 2424 dicinami.
410 2371 455 2424 Si
478 2370 692 2424 adhiberi
718 2372 871 2442 potest
893 2370 1135 2424 medicina
1151 2390 1261 2423 ante
1283 2370 1544 2429 morbum,
1570 2391 1654 2423 cur
1671 2392 1773 2424 non
1785 2392 1857 2424 re-

90 2449 310 2520 demptio
332 2469 440 2501 ante
465 2468 751 2521 peccatum,
777 2453 829 2501 δε
855 2448 1154 2523 indulgentia
1177 2466 1288 2501 ante
1313 2447 1539 2520 culpam?
1566 2447 1676 2500 Imo
1702 2469 1856 2521 quan-

88 2525 140 2580 to
166 2526 362 2583 melior,
388 2530 440 2578 ἅ
463 2528 672 2599 optatior
696 2527 759 2578 est
775 2526 1030 2586 medicina,
1054 2546 1162 2598 quae
1187 2525 1425 2578 morbum
1449 2525 1650 2597 impedit
1667 2566 1678 2583 ‚
1701 2525 1857 2598 quam

89 2619 196 2676 quae
220 2603 437 2675 expellit,
463 2606 523 2657 ita
548 2604 685 2656 tanto
709 2603 884 2657 melior
907 2605 973 2656 est
1001 2604 1299 2676 redemptio,
1324 2623 1433 2675 quae
1459 2621 1714 2674 peccatum
1738 2624 1855 2675 prae-

89 2682 245 2738 venit,
268 2680 421 2754 quam
447 2702 553 2754 quae
577 2683 800 2754 sequitur.
883 2682 958 2735 Sic
982 2681 1145 2734 Psalm.
1175 2704 1254 2742 43.
1278 2681 1474 2733 dicitur:
1508 2680 1610 2756 Qz'
1634 2680 1857 2756 redemisti

88 2758 273 2812 David
288 2758 342 2810 de
375 2757 544 2811 Gladio
566 2758 786 2834 malignas
814 2759 911 2812 hoc
929 2760 994 2811 est
1017 2784 1026 2810 ε
1067 2756 1301 2817 Goliatht'3
1329 2761 1381 2810 &
1406 2776 1573 2811 tamen
1595 2778 1855 2831 nunquam

88 2835 202 2889 huic
227 2837 386 2888 David
412 2836 746 2895 succubuerat,
771 2837 876 2889 imo
902 2837 1103 2895 vicerat,
1138 2837 1216 2889 {ed
1240 2835 1511 2907 periculum
1535 2835 1855 2888 succumben-

91 2913 140 2965 di
164 2931 282 2971 erat,
307 2914 391 2965 nifi
417 2915 759 2973 custodiretur,
783 2913 1031 2972 cecidisset,
1049 2914 1134 2966 nisi
1161 2932 1428 2971 teneretur·³
1455 2917 1507 2966 ὃς
1525 2912 1626 2965 haec
1649 2915 1713 2965 est
1731 2913 1855 2984 opti-

90 3010 174 3043 ma
202 2992 494 3063 Redemptio
518 3033 528 3049 ,
577 3013 684 3064 quae
709 2992 874 3045 casum
897 2992 1078 3045 avertit.
1194 2996 1253 3043 Et
1279 2996 1318 3045 S.
1347 2990 1519 3043 Paulus
1542 2991 1603 3043 ad
1622 2988 1785 3062 Ephesi
1816 3011 1854 3051 5.

89 3067 372 3121 Redimentes
405 3084 582 3142 tempm
608 3111 620 3128 ,
671 3072 788 3144 quia
823 3068 917 3123 dies
952 3067 1068 3122 mali
1086 3068 1215 3141 ſsmt.
1333 3072 1458 3120 Non
1491 3068 1629 3140 quod
1662 3085 1855 3197 tempu?

1334 3149 1379 3197 G
1709 3145 1834 3197 {eme
