<?xml version="1.0" encoding="UTF-8"?>
<!DOCTYPE html PUBLIC "-//W3C//DTD XHTML 1.0 Transitional//EN"
    "http://www.w3.org/TR/xhtml1/DTD/xhtml1-transitional.dtd">
<html xmlns="http://www.w3.org/1999/xhtml" xml:lang="en" lang="en">
 <head>
  <title>
</title>
<meta http-equiv="Content-Type" content="text/html;charset=utf-8" />
  <meta name='ocr-system' content='tesseract 3.04.00' />
  <meta name='ocr-capabilities' content='ocr_page ocr_carea ocr_par ocr_line ocrx_word'/>
</head>
<body>
  <div class='ocr_page' id='page_1' title='image "./vindicatainquagr00sfon_0023.png"; bbox 0 0 2112 3491; ppageno 0'>
   <div class='ocr_carea' id='block_1_1' title="bbox 806 220 1151 290">
    <p class='ocr_par' dir='ltr' id='par_1_1' title="bbox 806 220 1151 290">
     <span class='ocr_line' id='line_1_1' title="bbox 806 220 1151 290; baseline 0.006 -5"><span class='ocrx_word' id='word_1_1' title='bbox 806 220 1151 290; x_wconf 61' lang='lat'>÷(7&gt;÷</span> 
     </span>
    </p>
   </div>
   <div class='ocr_carea' id='block_1_2' title="bbox 80 332 1864 3177">
    <p class='ocr_par' dir='ltr' id='par_1_2' title="bbox 80 332 1864 1400">
     <span class='ocr_line' id='line_1_2' title="bbox 98 332 1858 413; baseline 0.002 -22"><span class='ocrx_word' id='word_1_2' title='bbox 98 336 497 412; x_wconf 73' lang='lat' dir='ltr'>incoinquinatum</span> <span class='ocrx_word' id='word_1_3' title='bbox 514 332 689 406; x_wconf 70' lang='lat' dir='ltr'>{ſsdad</span> <span class='ocrx_word' id='word_1_4' title='bbox 707 334 957 405; x_wconf 73' lang='lat' dir='ltr'>Majorem</span> <span class='ocrx_word' id='word_1_5' title='bbox 985 335 1322 406; x_wconf 67' lang='lat' dir='ltr'>Omm‘potentiae</span> <span class='ocrx_word' id='word_1_6' title='bbox 1339 335 1435 407; x_wconf 62' lang='grc' dir='ltr'>βία]</span> <span class='ocrx_word' id='word_1_7' title='bbox 1452 340 1858 413; x_wconf 64' lang='lat' dir='ltr'>manifestationem</span> 
     </span>
     <span class='ocr_line' id='line_1_3' title="bbox 97 408 1859 493; baseline 0.002 -25"><span class='ocrx_word' id='word_1_8' title='bbox 97 413 235 467; x_wconf 67' lang='lat' dir='ltr'>alind</span> <span class='ocrx_word' id='word_1_9' title='bbox 253 409 484 483; x_wconf 73' lang='lat' dir='ltr'>elaboraffi</span> <span class='ocrx_word' id='word_1_10' title='bbox 508 411 664 484; x_wconf 78' lang='lat' dir='ltr'>terstus</span> <span class='ocrx_word' id='word_1_11' title='bbox 696 409 752 473; x_wconf 56' lang='grc' dir='ltr'>[ὅ</span> <span class='ocrx_word' id='word_1_12' title='bbox 776 415 947 484; x_wconf 67' lang='lat' dir='ltr'>purim</span> <span class='ocrx_word' id='word_1_13' title='bbox 978 410 1238 485; x_wconf 51' lang='lat' dir='ltr'>Seraphin&amp;</span> <span class='ocrx_word' id='word_1_14' title='bbox 1252 450 1266 468; x_wconf 83' lang='grc'>,</span> <span class='ocrx_word' id='word_1_15' title='bbox 1301 412 1509 466; x_wconf 78' lang='lat' dir='ltr'>videlicet</span> <span class='ocrx_word' id='word_1_16' title='bbox 1542 408 1859 493; x_wconf 53' lang='lat' dir='ltr'>Beasfsfimm</span> 
     </span>
     <span class='ocr_line' id='line_1_4' title="bbox 101 489 1860 571; baseline 0.002 -27"><span class='ocrx_word' id='word_1_17' title='bbox 101 492 361 567; x_wconf 77' lang='lat' dir='ltr'><em>Virginem,</em></span> <span class='ocrx_word' id='word_1_18' title='bbox 381 509 439 541; x_wconf 75' lang='lat' dir='ltr'>ac</span> <span class='ocrx_word' id='word_1_19' title='bbox 461 503 595 541; x_wconf 35' lang='lat' dir='ltr'>tantae</span> <span class='ocrx_word' id='word_1_20' title='bbox 618 491 879 546; x_wconf 64' lang='lat' dir='ltr'>Pnrjtan&#39;s,</span> <span class='ocrx_word' id='word_1_21' title='bbox 902 505 953 542; x_wconf 72' lang='lat' dir='ltr'>nt</span> <span class='ocrx_word' id='word_1_22' title='bbox 969 491 1139 563; x_wconf 74' lang='lat' dir='ltr'>purim</span> <span class='ocrx_word' id='word_1_23' title='bbox 1164 489 1347 566; x_wconf 64' lang='lat' dir='ltr'>intelllgi</span> <span class='ocrx_word' id='word_1_24' title='bbox 1367 512 1456 544; x_wconf 80' lang='lat' dir='ltr'>non</span> <span class='ocrx_word' id='word_1_25' title='bbox 1473 493 1860 571; x_wconf 71' lang='lat' dir='ltr'>posstt2nssDcm</span> 
     </span>
     <span class='ocr_line' id='line_1_5' title="bbox 80 566 1860 644; baseline 0.003 -23"><span class='ocrx_word' id='word_1_26' title='bbox 80 570 155 643; x_wconf 82' lang='lat' dir='ltr'>stt.</span> <span class='ocrx_word' id='word_1_27' title='bbox 235 571 299 620; x_wconf 93' lang='lat' dir='ltr'>At</span> <span class='ocrx_word' id='word_1_28' title='bbox 325 566 398 619; x_wconf 85' lang='lat' dir='ltr'>hae</span> <span class='ocrx_word' id='word_1_29' title='bbox 422 566 770 639; x_wconf 71' lang='lat' dir='ltr'>propolitiones</span> <span class='ocrx_word' id='word_1_30' title='bbox 795 567 935 620; x_wconf 90' lang='lat' dir='ltr'>toties</span> <span class='ocrx_word' id='word_1_31' title='bbox 963 609 974 626; x_wconf 83' lang='lat'>,</span> <span class='ocrx_word' id='word_1_32' title='bbox 1013 571 1066 620; x_wconf 83' lang='lat'>&amp;</span> <span class='ocrx_word' id='word_1_33' title='bbox 1099 585 1202 619; x_wconf 86' lang='lat' dir='ltr'>tam</span> <span class='ocrx_word' id='word_1_34' title='bbox 1227 567 1362 621; x_wconf 78' lang='lat' dir='ltr'>enixe</span> <span class='ocrx_word' id='word_1_35' title='bbox 1387 568 1413 622; x_wconf 78' lang='lat' dir='ltr'>a</span> <span class='ocrx_word' id='word_1_36' title='bbox 1439 575 1480 622; x_wconf 83' lang='lat' dir='ltr'>S.</span> <span class='ocrx_word' id='word_1_37' title='bbox 1507 571 1705 625; x_wconf 87' lang='lat' dir='ltr'>Thoma</span> <span class='ocrx_word' id='word_1_38' title='bbox 1731 594 1860 644; x_wconf 79' lang='lat' dir='ltr'>rep-c-</span> 
     </span>
     <span class='ocr_line' id='line_1_6' title="bbox 92 644 1860 724; baseline 0.001 -24"><span class='ocrx_word' id='word_1_39' title='bbox 92 647 189 700; x_wconf 76' lang='lat' dir='ltr'>titae</span> <span class='ocrx_word' id='word_1_40' title='bbox 214 644 427 697; x_wconf 83' lang='lat' dir='ltr'>omnino</span> <span class='ocrx_word' id='word_1_41' title='bbox 451 644 572 697; x_wconf 72' lang='lat' dir='ltr'>falsae</span> <span class='ocrx_word' id='word_1_42' title='bbox 595 646 725 703; x_wconf 84' lang='lat' dir='ltr'>sunt,</span> <span class='ocrx_word' id='word_1_43' title='bbox 750 645 783 696; x_wconf 86' lang='lat' dir='ltr'><strong>fi</strong></span> <span class='ocrx_word' id='word_1_44' title='bbox 808 649 855 696; x_wconf 88' lang='lat' dir='ltr'>B.</span> <span class='ocrx_word' id='word_1_45' title='bbox 871 644 1024 720; x_wconf 80' lang='lat' dir='ltr'>Virgo</span> <span class='ocrx_word' id='word_1_46' title='bbox 1047 644 1313 716; x_wconf 87' lang='lat' dir='ltr'>aliquando</span> <span class='ocrx_word' id='word_1_47' title='bbox 1338 667 1593 718; x_wconf 86' lang='lat' dir='ltr'>peccatum</span> <span class='ocrx_word' id='word_1_48' title='bbox 1607 650 1860 724; x_wconf 76' lang='lat' dir='ltr'>Originale</span> 
     </span>
     <span class='ocr_line' id='line_1_7' title="bbox 90 721 1860 798; baseline 0.002 -21"><span class='ocrx_word' id='word_1_49' title='bbox 90 722 330 777; x_wconf 79' lang='lat' dir='ltr'>contraxit</span> <span class='ocrx_word' id='word_1_50' title='bbox 353 745 367 782; x_wconf 99' lang='grc'>5</span> <span class='ocrx_word' id='word_1_51' title='bbox 422 722 467 776; x_wconf 90' lang='lat' dir='ltr'>Si</span> <span class='ocrx_word' id='word_1_52' title='bbox 493 721 625 774; x_wconf 87' lang='lat' dir='ltr'>enim</span> <span class='ocrx_word' id='word_1_53' title='bbox 650 723 909 782; x_wconf 79' lang='lat' dir='ltr'>contraxit,</span> <span class='ocrx_word' id='word_1_54' title='bbox 945 743 1060 798; x_wconf 79' lang='lat' dir='ltr'>ergo</span> <span class='ocrx_word' id='word_1_55' title='bbox 1078 723 1219 775; x_wconf 86' lang='lat' dir='ltr'>creari</span> <span class='ocrx_word' id='word_1_56' title='bbox 1268 743 1477 794; x_wconf 85' lang='lat' dir='ltr'>poterat,</span> <span class='ocrx_word' id='word_1_57' title='bbox 1514 725 1618 778; x_wconf 78' lang='lat' dir='ltr'>imo</span> <span class='ocrx_word' id='word_1_58' title='bbox 1643 728 1702 779; x_wconf 88' lang='lat' dir='ltr'>de</span> <span class='ocrx_word' id='word_1_59' title='bbox 1727 727 1860 780; x_wconf 67' lang='lat' dir='ltr'>lacto</span> 
     </span>
     <span class='ocr_line' id='line_1_8' title="bbox 90 799 1859 872; baseline 0.002 -18"><span class='ocrx_word' id='word_1_60' title='bbox 90 819 257 854; x_wconf 78' lang='lat' dir='ltr'>creatae</span> <span class='ocrx_word' id='word_1_61' title='bbox 280 800 388 853; x_wconf 86' lang='lat' dir='ltr'>sunt</span> <span class='ocrx_word' id='word_1_62' title='bbox 412 799 514 853; x_wconf 79' lang='lat' dir='ltr'>aliae</span> <span class='ocrx_word' id='word_1_63' title='bbox 539 803 592 852; x_wconf 63' lang='lat' dir='ltr'>&lt;Sc</span> <span class='ocrx_word' id='word_1_64' title='bbox 617 799 882 853; x_wconf 84' lang='lat' dir='ltr'>innumerae</span> <span class='ocrx_word' id='word_1_65' title='bbox 907 805 1148 853; x_wconf 77' lang='lat' dir='ltr'>Creaturae</span> <span class='ocrx_word' id='word_1_66' title='bbox 1174 800 1337 853; x_wconf 79' lang='lat' dir='ltr'>multo</span> <span class='ocrx_word' id='word_1_67' title='bbox 1375 802 1587 872; x_wconf 87' lang='lat' dir='ltr'>puriores</span> <span class='ocrx_word' id='word_1_68' title='bbox 1613 808 1626 863; x_wconf 85' lang='lat'><em>&lt;</em></span> <span class='ocrx_word' id='word_1_69' title='bbox 1646 804 1742 857; x_wconf 88' lang='lat' dir='ltr'>hoc</span> <span class='ocrx_word' id='word_1_70' title='bbox 1768 807 1859 865; x_wconf 89' lang='lat' dir='ltr'>est,</span> 
     </span>
     <span class='ocr_line' id='line_1_9' title="bbox 87 877 1859 954; baseline 0.003 -23"><span class='ocrx_word' id='word_1_71' title='bbox 87 882 220 954; x_wconf 83' lang='lat' dir='ltr'>juxta</span> <span class='ocrx_word' id='word_1_72' title='bbox 243 877 485 953; x_wconf 79' lang='lat' dir='ltr'>Regulam</span> <span class='ocrx_word' id='word_1_73' title='bbox 509 883 550 930; x_wconf 84' lang='lat' dir='ltr'>S.</span> <span class='ocrx_word' id='word_1_74' title='bbox 569 877 794 936; x_wconf 79' lang='lat' dir='ltr'>Thomae‚</span> <span class='ocrx_word' id='word_1_75' title='bbox 812 877 968 953; x_wconf 76' lang='lat' dir='ltr'>magis</span> <span class='ocrx_word' id='word_1_76' title='bbox 991 877 1126 930; x_wconf 83' lang='lat' dir='ltr'>malo</span> <span class='ocrx_word' id='word_1_77' title='bbox 1151 878 1468 949; x_wconf 67' lang='lat' dir='ltr'>impermixtae</span> <span class='ocrx_word' id='word_1_78' title='bbox 1487 921 1497 937; x_wconf 95' lang='lat'><em>‚</em></span> <span class='ocrx_word' id='word_1_79' title='bbox 1530 883 1582 932; x_wconf 65' lang='grc' dir='ltr'>ὅ(</span> <span class='ocrx_word' id='word_1_80' title='bbox 1608 879 1634 932; x_wconf 75' lang='lat' dir='ltr'>a</span> <span class='ocrx_word' id='word_1_81' title='bbox 1658 901 1859 952; x_wconf 81' lang='lat' dir='ltr'>peccato</span> 
     </span>
     <span class='ocr_line' id='line_1_10' title="bbox 89 955 1860 1030; baseline 0.002 -22"><span class='ocrx_word' id='word_1_82' title='bbox 89 957 403 1027; x_wconf 79' lang='lat' dir='ltr'>remotiores)</span> <span class='ocrx_word' id='word_1_83' title='bbox 429 975 604 1008; x_wconf 89' lang='lat' dir='ltr'>omnes</span> <span class='ocrx_word' id='word_1_84' title='bbox 626 955 919 1030; x_wconf 75' lang='lat' dir='ltr'>vitl:Angcli</span> <span class='ocrx_word' id='word_1_85' title='bbox 934 997 944 1013; x_wconf 92' lang='lat'>‚</span> <span class='ocrx_word' id='word_1_86' title='bbox 963 955 1048 1027; x_wconf 88' lang='lat' dir='ltr'>qui</span> <span class='ocrx_word' id='word_1_87' title='bbox 1072 955 1267 1008; x_wconf 89' lang='lat' dir='ltr'>nullum</span> <span class='ocrx_word' id='word_1_88' title='bbox 1295 975 1551 1027; x_wconf 88' lang='lat' dir='ltr'>peccatum</span> <span class='ocrx_word' id='word_1_89' title='bbox 1569 958 1860 1012; x_wconf 78' lang='lat' dir='ltr'>contraxere.</span> 
     </span>
     <span class='ocr_line' id='line_1_11' title="bbox 86 1032 1862 1110; baseline 0.002 -24"><span class='ocrx_word' id='word_1_90' title='bbox 86 1038 216 1107; x_wconf 80' lang='lat' dir='ltr'>Ergo</span> <span class='ocrx_word' id='word_1_91' title='bbox 267 1032 468 1110; x_wconf 79' lang='lat' dir='ltr'>cogitari</span> <span class='ocrx_word' id='word_1_92' title='bbox 503 1034 659 1105; x_wconf 90' lang='lat' dir='ltr'>potest</span> <span class='ocrx_word' id='word_1_93' title='bbox 697 1033 858 1105; x_wconf 86' lang='lat' dir='ltr'>aliqua</span> <span class='ocrx_word' id='word_1_94' title='bbox 890 1039 1121 1086; x_wconf 87' lang='lat' dir='ltr'>Creatura</span> <span class='ocrx_word' id='word_1_95' title='bbox 1145 1032 1231 1086; x_wconf 85' lang='lat' dir='ltr'>sub</span> <span class='ocrx_word' id='word_1_96' title='bbox 1255 1038 1368 1086; x_wconf 84' lang='lat' dir='ltr'>Deo</span> <span class='ocrx_word' id='word_1_97' title='bbox 1399 1035 1562 1105; x_wconf 68' lang='lat' dir='ltr'>purior</span> <span class='ocrx_word' id='word_1_98' title='bbox 1594 1036 1862 1089; x_wconf 71' lang='lat' dir='ltr'>Beatissima</span> 
     </span>
     <span class='ocr_line' id='line_1_12' title="bbox 88 1103 1861 1185; baseline 0.002 -23"><span class='ocrx_word' id='word_1_99' title='bbox 88 1103 311 1185; x_wconf 80' lang='lat' dir='ltr'>Virgine,</span> <span class='ocrx_word' id='word_1_100' title='bbox 329 1131 437 1184; x_wconf 85' lang='lat' dir='ltr'>quae</span> <span class='ocrx_word' id='word_1_101' title='bbox 461 1110 685 1165; x_wconf 89' lang='lat' dir='ltr'>videlicet</span> <span class='ocrx_word' id='word_1_102' title='bbox 713 1132 972 1184; x_wconf 84' lang='lat' dir='ltr'>nunquam</span> <span class='ocrx_word' id='word_1_103' title='bbox 998 1109 1237 1182; x_wconf 74' lang='lat' dir='ltr'>peccaffet.</span> <span class='ocrx_word' id='word_1_104' title='bbox 1328 1117 1457 1185; x_wconf 80' lang='lat' dir='ltr'>Ergo</span> <span class='ocrx_word' id='word_1_105' title='bbox 1486 1114 1660 1183; x_wconf 84' lang='lat' dir='ltr'>puritas</span> <span class='ocrx_word' id='word_1_106' title='bbox 1687 1113 1861 1166; x_wconf 82' lang='lat' dir='ltr'>Beatis-</span> 
     </span>
     <span class='ocr_line' id='line_1_13' title="bbox 88 1187 1862 1263; baseline 0.001 -23"><span class='ocrx_word' id='word_1_107' title='bbox 88 1188 218 1240; x_wconf 81' lang='lat' dir='ltr'>fimae</span> <span class='ocrx_word' id='word_1_108' title='bbox 241 1188 452 1263; x_wconf 82' lang='lat' dir='ltr'>Virginis</span> <span class='ocrx_word' id='word_1_109' title='bbox 484 1209 587 1241; x_wconf 92' lang='lat' dir='ltr'>non</span> <span class='ocrx_word' id='word_1_110' title='bbox 611 1188 671 1241; x_wconf 80' lang='lat' dir='ltr'>eo</span> <span class='ocrx_word' id='word_1_111' title='bbox 699 1187 860 1241; x_wconf 83' lang='lat' dir='ltr'>solum</span> <span class='ocrx_word' id='word_1_112' title='bbox 887 1187 1044 1241; x_wconf 76' lang='lat' dir='ltr'>differt</span> <span class='ocrx_word' id='word_1_113' title='bbox 1061 1187 1088 1241; x_wconf 71' lang='lat' dir='ltr'>a</span> <span class='ocrx_word' id='word_1_114' title='bbox 1104 1188 1308 1241; x_wconf 82' lang='lat' dir='ltr'>Puritate</span> <span class='ocrx_word' id='word_1_115' title='bbox 1332 1189 1524 1247; x_wconf 85' lang='lat' dir='ltr'>Divina,</span> <span class='ocrx_word' id='word_1_116' title='bbox 1538 1189 1676 1261; x_wconf 75' lang='lat' dir='ltr'>quod</span> <span class='ocrx_word' id='word_1_117' title='bbox 1694 1196 1741 1242; x_wconf 80' lang='grc' dir='ltr'>Β.</span> <span class='ocrx_word' id='word_1_118' title='bbox 1756 1192 1862 1244; x_wconf 82' lang='lat' dir='ltr'>Vir-</span> 
     </span>
     <span class='ocr_line' id='line_1_14' title="bbox 87 1263 1864 1340; baseline 0.003 -23"><span class='ocrx_word' id='word_1_119' title='bbox 87 1286 154 1340; x_wconf 80' lang='lat' dir='ltr'>go</span> <span class='ocrx_word' id='word_1_120' title='bbox 183 1266 392 1337; x_wconf 90' lang='lat' dir='ltr'>potuerit</span> <span class='ocrx_word' id='word_1_121' title='bbox 415 1286 635 1338; x_wconf 85' lang='lat' dir='ltr'>peccare,</span> <span class='ocrx_word' id='word_1_122' title='bbox 665 1267 744 1319; x_wconf 83' lang='lat' dir='ltr'>sed</span> <span class='ocrx_word' id='word_1_123' title='bbox 769 1266 916 1319; x_wconf 85' lang='lat' dir='ltr'>ctiam</span> <span class='ocrx_word' id='word_1_124' title='bbox 940 1287 995 1319; x_wconf 85' lang='lat' dir='ltr'>ex</span> <span class='ocrx_word' id='word_1_125' title='bbox 1027 1285 1112 1324; x_wconf 82' lang='lat' dir='ltr'>cO,</span> <span class='ocrx_word' id='word_1_126' title='bbox 1152 1263 1290 1338; x_wconf 78' lang='lat' dir='ltr'>quod</span> <span class='ocrx_word' id='word_1_127' title='bbox 1313 1265 1579 1338; x_wconf 84' lang='lat' dir='ltr'>aliquando</span> <span class='ocrx_word' id='word_1_128' title='bbox 1610 1273 1724 1320; x_wconf 69' lang='lat' dir='ltr'>actu</span> <span class='ocrx_word' id='word_1_129' title='bbox 1754 1289 1864 1340; x_wconf 86' lang='lat' dir='ltr'>pec-</span> 
     </span>
     <span class='ocr_line' id='line_1_15' title="bbox 87 1341 1580 1400; baseline 0.005 -5"><span class='ocrx_word' id='word_1_130' title='bbox 87 1341 237 1395; x_wconf 79' lang='lat' dir='ltr'>caffet.</span> <span class='ocrx_word' id='word_1_131' title='bbox 1073 1394 1076 1400; x_wconf 88' lang='lat'>.</span> <span class='ocrx_word' id='word_1_132' title='bbox 1575 1345 1580 1349; x_wconf 29' lang='lat'>⁸</span> 
     </span>
    </p>

    <p class='ocr_par' dir='ltr' id='par_1_3' title="bbox 86 1419 1862 2019">
     <span class='ocr_line' id='line_1_16' title="bbox 200 1419 1860 1494; baseline 0.002 -22"><span class='ocrx_word' id='word_1_133' title='bbox 200 1421 368 1472; x_wconf 78' lang='lat' dir='ltr'>Dices:</span> <span class='ocrx_word' id='word_1_134' title='bbox 406 1423 478 1473; x_wconf 89' lang='lat' dir='ltr'>Ut</span> <span class='ocrx_word' id='word_1_135' title='bbox 500 1419 769 1472; x_wconf 72' lang='lat' dir='ltr'>Beatissima</span> <span class='ocrx_word' id='word_1_136' title='bbox 786 1419 940 1494; x_wconf 81' lang='lat' dir='ltr'>Virgo</span> <span class='ocrx_word' id='word_1_137' title='bbox 964 1420 1151 1473; x_wconf 88' lang='lat' dir='ltr'>dicatur</span> <span class='ocrx_word' id='word_1_138' title='bbox 1182 1420 1449 1491; x_wconf 71' lang='lat' dir='ltr'>purissima,</span> <span class='ocrx_word' id='word_1_139' title='bbox 1482 1420 1677 1481; x_wconf 83' lang='lat' dir='ltr'>sufficit,</span> <span class='ocrx_word' id='word_1_140' title='bbox 1706 1441 1760 1475; x_wconf 94' lang='lat' dir='ltr'>ut</span> <span class='ocrx_word' id='word_1_141' title='bbox 1776 1422 1860 1475; x_wconf 85' lang='lat' dir='ltr'>ali-</span> 
     </span>
     <span class='ocr_line' id='line_1_17' title="bbox 87 1497 1862 1572; baseline 0.002 -23"><span class='ocrx_word' id='word_1_142' title='bbox 87 1497 290 1568; x_wconf 88' lang='lat' dir='ltr'>quando</span> <span class='ocrx_word' id='word_1_143' title='bbox 318 1497 457 1549; x_wconf 90' lang='lat' dir='ltr'>omni</span> <span class='ocrx_word' id='word_1_144' title='bbox 479 1515 681 1568; x_wconf 88' lang='lat' dir='ltr'>peccato</span> <span class='ocrx_word' id='word_1_145' title='bbox 720 1497 957 1572; x_wconf 80' lang='lat' dir='ltr'>Originali</span> <span class='ocrx_word' id='word_1_146' title='bbox 977 1538 989 1555; x_wconf 84' lang='lat'>‚</span> <span class='ocrx_word' id='word_1_147' title='bbox 1028 1501 1080 1550; x_wconf 60' lang='grc' dir='ltr'>ἃ</span> <span class='ocrx_word' id='word_1_148' title='bbox 1114 1497 1308 1550; x_wconf 63' lang='lat' dir='ltr'>Achrali</span> <span class='ocrx_word' id='word_1_149' title='bbox 1327 1499 1559 1556; x_wconf 70' lang='lat' dir='ltr'>caruerit5</span> <span class='ocrx_word' id='word_1_150' title='bbox 1585 1518 1701 1552; x_wconf 91' lang='lat' dir='ltr'>tunc</span> <span class='ocrx_word' id='word_1_151' title='bbox 1726 1500 1862 1554; x_wconf 88' lang='lat' dir='ltr'>enim</span> 
     </span>
     <span class='ocr_line' id='line_1_18' title="bbox 87 1573 1862 1646; baseline 0.002 -20"><span class='ocrx_word' id='word_1_152' title='bbox 87 1574 181 1626; x_wconf 90' lang='lat' dir='ltr'>dici</span> <span class='ocrx_word' id='word_1_153' title='bbox 207 1574 369 1645; x_wconf 89' lang='lat' dir='ltr'>potuit</span> <span class='ocrx_word' id='word_1_154' title='bbox 394 1573 652 1645; x_wconf 84' lang='lat' dir='ltr'>purissima‚</span> <span class='ocrx_word' id='word_1_155' title='bbox 665 1573 764 1627; x_wconf 90' lang='lat' dir='ltr'>hoc</span> <span class='ocrx_word' id='word_1_156' title='bbox 791 1576 870 1632; x_wconf 89' lang='lat' dir='ltr'>est,</span> <span class='ocrx_word' id='word_1_157' title='bbox 898 1574 994 1627; x_wconf 85' lang='lat' dir='ltr'>fine</span> <span class='ocrx_word' id='word_1_158' title='bbox 1018 1574 1158 1627; x_wconf 90' lang='lat' dir='ltr'>omni</span> <span class='ocrx_word' id='word_1_159' title='bbox 1185 1575 1372 1646; x_wconf 84' lang='lat' dir='ltr'>prorsus</span> <span class='ocrx_word' id='word_1_160' title='bbox 1393 1575 1611 1633; x_wconf 86' lang='lat' dir='ltr'>macula,</span> <span class='ocrx_word' id='word_1_161' title='bbox 1640 1575 1750 1629; x_wconf 74' lang='lat' dir='ltr'>licet</span> <span class='ocrx_word' id='word_1_162' title='bbox 1778 1577 1862 1629; x_wconf 88' lang='lat' dir='ltr'>ali-</span> 
     </span>
     <span class='ocr_line' id='line_1_19' title="bbox 87 1650 1862 1724; baseline 0.002 -21"><span class='ocrx_word' id='word_1_163' title='bbox 87 1652 289 1723; x_wconf 89' lang='lat' dir='ltr'>quando</span> <span class='ocrx_word' id='word_1_164' title='bbox 316 1651 485 1704; x_wconf 83' lang='lat' dir='ltr'>faedata</span> <span class='ocrx_word' id='word_1_165' title='bbox 513 1651 653 1704; x_wconf 91' lang='lat' dir='ltr'>fuerit</span> <span class='ocrx_word' id='word_1_166' title='bbox 675 1693 686 1711; x_wconf 87' lang='lat'>,</span> <span class='ocrx_word' id='word_1_167' title='bbox 725 1656 778 1706; x_wconf 83' lang='lat'>&amp;</span> <span class='ocrx_word' id='word_1_168' title='bbox 811 1651 1063 1704; x_wconf 80' lang='lat' dir='ltr'>maculam</span> <span class='ocrx_word' id='word_1_169' title='bbox 1091 1650 1324 1704; x_wconf 77' lang='lat' dir='ltr'>habuerit.</span> <span class='ocrx_word' id='word_1_170' title='bbox 1408 1652 1862 1724; x_wconf 78' lang='lat' dir='ltr'>Qmadmodum</span> 
     </span>
     <span class='ocr_line' id='line_1_20' title="bbox 86 1728 1860 1805; baseline 0.002 -25"><span class='ocrx_word' id='word_1_171' title='bbox 86 1728 181 1781; x_wconf 88' lang='lat' dir='ltr'>dici</span> <span class='ocrx_word' id='word_1_172' title='bbox 204 1730 358 1800; x_wconf 90' lang='lat' dir='ltr'>potest</span> <span class='ocrx_word' id='word_1_173' title='bbox 378 1728 684 1801; x_wconf 81' lang='lat' dir='ltr'>purissimum</span> <span class='ocrx_word' id='word_1_174' title='bbox 715 1750 890 1782; x_wconf 88' lang='lat' dir='ltr'>aurum</span> <span class='ocrx_word' id='word_1_175' title='bbox 918 1771 929 1787; x_wconf 89' lang='lat'>‚</span> <span class='ocrx_word' id='word_1_176' title='bbox 968 1730 1106 1801; x_wconf 82' lang='lat' dir='ltr'>quod</span> <span class='ocrx_word' id='word_1_177' title='bbox 1134 1728 1195 1781; x_wconf 89' lang='lat' dir='ltr'>ab</span> <span class='ocrx_word' id='word_1_178' title='bbox 1224 1728 1365 1781; x_wconf 89' lang='lat' dir='ltr'>omni</span> <span class='ocrx_word' id='word_1_179' title='bbox 1393 1729 1490 1782; x_wconf 89' lang='lat' dir='ltr'>alio</span> <span class='ocrx_word' id='word_1_180' title='bbox 1518 1730 1720 1783; x_wconf 84' lang='lat' dir='ltr'>metallo</span> <span class='ocrx_word' id='word_1_181' title='bbox 1748 1731 1860 1805; x_wconf 81' lang='lat' dir='ltr'>igne</span> 
     </span>
     <span class='ocr_line' id='line_1_21' title="bbox 87 1804 1859 1880; baseline 0.002 -23"><span class='ocrx_word' id='word_1_182' title='bbox 87 1824 348 1880; x_wconf 81' lang='lat' dir='ltr'>purgatum</span> <span class='ocrx_word' id='word_1_183' title='bbox 381 1808 471 1864; x_wconf 87' lang='lat' dir='ltr'>est,</span> <span class='ocrx_word' id='word_1_184' title='bbox 489 1804 600 1860; x_wconf 80' lang='lat' dir='ltr'>licet</span> <span class='ocrx_word' id='word_1_185' title='bbox 626 1826 892 1878; x_wconf 78' lang='lat' dir='ltr'>antequam</span> <span class='ocrx_word' id='word_1_186' title='bbox 915 1825 1209 1880; x_wconf 79' lang='lat' dir='ltr'>purgaretur,</span> <span class='ocrx_word' id='word_1_187' title='bbox 1224 1806 1391 1858; x_wconf 89' lang='lat' dir='ltr'>multis</span> <span class='ocrx_word' id='word_1_188' title='bbox 1413 1807 1607 1858; x_wconf 76' lang='lat' dir='ltr'>faecibus</span> <span class='ocrx_word' id='word_1_189' title='bbox 1634 1807 1859 1879; x_wconf 86' lang='lat' dir='ltr'>inquina-</span> 
     </span>
     <span class='ocr_line' id='line_1_22' title="bbox 87 1883 1859 1956; baseline 0.003 -22"><span class='ocrx_word' id='word_1_190' title='bbox 87 1901 238 1939; x_wconf 71' lang='lat' dir='ltr'>retur5</span> <span class='ocrx_word' id='word_1_191' title='bbox 263 1887 315 1936; x_wconf 65' lang='lat' dir='ltr'>&amp;c</span> <span class='ocrx_word' id='word_1_192' title='bbox 338 1883 645 1956; x_wconf 83' lang='lat' dir='ltr'>puriflimum</span> <span class='ocrx_word' id='word_1_193' title='bbox 668 1883 851 1941; x_wconf 82' lang='lat' dir='ltr'>linum,</span> <span class='ocrx_word' id='word_1_194' title='bbox 869 1884 1008 1954; x_wconf 87' lang='lat' dir='ltr'>quod</span> <span class='ocrx_word' id='word_1_195' title='bbox 1031 1883 1298 1955; x_wconf 84' lang='lat' dir='ltr'>aliquando</span> <span class='ocrx_word' id='word_1_196' title='bbox 1324 1883 1588 1942; x_wconf 86' lang='lat' dir='ltr'>sordidum,</span> <span class='ocrx_word' id='word_1_197' title='bbox 1602 1883 1766 1956; x_wconf 76' lang='lat' dir='ltr'>postea</span> <span class='ocrx_word' id='word_1_198' title='bbox 1784 1886 1859 1939; x_wconf 85' lang='lat' dir='ltr'>lo-</span> 
     </span>
     <span class='ocr_line' id='line_1_23' title="bbox 87 1960 1010 2019; baseline 0.001 -8"><span class='ocrx_word' id='word_1_199' title='bbox 87 1977 197 2012; x_wconf 90' lang='lat' dir='ltr'>tum</span> <span class='ocrx_word' id='word_1_200' title='bbox 236 1962 325 2019; x_wconf 84' lang='lat' dir='ltr'>cst,</span> <span class='ocrx_word' id='word_1_201' title='bbox 358 1965 411 2013; x_wconf 85' lang='lat'>&amp;</span> <span class='ocrx_word' id='word_1_202' title='bbox 434 1960 826 2012; x_wconf 80' lang='lat' dir='ltr'>candidissimum</span> <span class='ocrx_word' id='word_1_203' title='bbox 854 1960 1010 2014; x_wconf 78' lang='lat' dir='ltr'>evalit.</span> 
     </span>
    </p>

    <p class='ocr_par' dir='ltr' id='par_1_4' title="bbox 86 2036 1859 3119">
     <span class='ocr_line' id='line_1_24' title="bbox 200 2036 1859 2113; baseline 0 -25"><span class='ocrx_word' id='word_1_204' title='bbox 200 2036 463 2113; x_wconf 67' lang='lat' dir='ltr'>Respondes).</span> <span class='ocrx_word' id='word_1_205' title='bbox 546 2042 588 2090; x_wconf 88' lang='lat' dir='ltr'>S.</span> <span class='ocrx_word' id='word_1_206' title='bbox 602 2036 822 2089; x_wconf 87' lang='lat' dir='ltr'>Thomas</span> <span class='ocrx_word' id='word_1_207' title='bbox 849 2038 908 2090; x_wconf 89' lang='lat' dir='ltr'>de</span> <span class='ocrx_word' id='word_1_208' title='bbox 936 2059 990 2090; x_wconf 81' lang='lat' dir='ltr'>ea</span> <span class='ocrx_word' id='word_1_209' title='bbox 1016 2038 1221 2110; x_wconf 88' lang='lat' dir='ltr'>puritate</span> <span class='ocrx_word' id='word_1_210' title='bbox 1248 2036 1468 2111; x_wconf 89' lang='lat' dir='ltr'>loquitur</span> <span class='ocrx_word' id='word_1_211' title='bbox 1485 2080 1495 2097; x_wconf 92' lang='lat'>‚</span> <span class='ocrx_word' id='word_1_212' title='bbox 1514 2058 1622 2111; x_wconf 78' lang='lat' dir='ltr'>quae</span> <span class='ocrx_word' id='word_1_213' title='bbox 1653 2041 1719 2091; x_wconf 89' lang='lat' dir='ltr'>est</span> <span class='ocrx_word' id='word_1_214' title='bbox 1742 2061 1859 2113; x_wconf 82' lang='lat' dir='ltr'>prae-</span> 
     </span>
     <span class='ocr_line' id='line_1_25' title="bbox 89 2114 1859 2189; baseline 0.003 -23"><span class='ocrx_word' id='word_1_215' title='bbox 89 2114 304 2188; x_wconf 78' lang='lat' dir='ltr'>rogativa</span> <span class='ocrx_word' id='word_1_216' title='bbox 331 2115 476 2167; x_wconf 90' lang='lat' dir='ltr'>solius</span> <span class='ocrx_word' id='word_1_217' title='bbox 503 2114 737 2189; x_wconf 79' lang='lat' dir='ltr'>Virginis,</span> <span class='ocrx_word' id='word_1_218' title='bbox 765 2135 854 2167; x_wconf 85' lang='lat' dir='ltr'>nec</span> <span class='ocrx_word' id='word_1_219' title='bbox 877 2115 962 2167; x_wconf 89' lang='lat' dir='ltr'>ulli</span> <span class='ocrx_word' id='word_1_220' title='bbox 991 2120 1233 2167; x_wconf 78' lang='lat' dir='ltr'>Creaturae</span> <span class='ocrx_word' id='word_1_221' title='bbox 1258 2116 1489 2169; x_wconf 88' lang='lat' dir='ltr'>convenit</span> <span class='ocrx_word' id='word_1_222' title='bbox 1513 2157 1524 2174; x_wconf 87' lang='lat'>‚</span> <span class='ocrx_word' id='word_1_223' title='bbox 1564 2134 1616 2168; x_wconf 91' lang='lat' dir='ltr'>ut</span> <span class='ocrx_word' id='word_1_224' title='bbox 1644 2136 1772 2189; x_wconf 89' lang='lat' dir='ltr'>patet</span> <span class='ocrx_word' id='word_1_225' title='bbox 1800 2139 1859 2172; x_wconf 79' lang='lat' dir='ltr'>ex</span> 
     </span>
     <span class='ocr_line' id='line_1_26' title="bbox 88 2191 1858 2267; baseline 0.003 -24"><span class='ocrx_word' id='word_1_226' title='bbox 88 2191 311 2257; x_wconf 70' lang='lat' dir='ltr'>adductis</span> <span class='ocrx_word' id='word_1_227' title='bbox 338 2196 391 2245; x_wconf 70' lang='grc' dir='ltr'>δε</span> <span class='ocrx_word' id='word_1_228' title='bbox 422 2191 623 2245; x_wconf 85' lang='lat' dir='ltr'>laudatis</span> <span class='ocrx_word' id='word_1_229' title='bbox 652 2192 771 2244; x_wconf 89' lang='lat' dir='ltr'>locis</span> <span class='ocrx_word' id='word_1_230' title='bbox 795 2198 835 2244; x_wconf 83' lang='lat' dir='ltr'>S.</span> <span class='ocrx_word' id='word_1_231' title='bbox 869 2192 1104 2245; x_wconf 53' lang='lat' dir='ltr'>Doc⁰toris</span> <span class='ocrx_word' id='word_1_232' title='bbox 1128 2217 1136 2243; x_wconf 89' lang='lat'>:</span> <span class='ocrx_word' id='word_1_233' title='bbox 1176 2197 1304 2266; x_wconf 76' lang='lat' dir='ltr'>Ergo</span> <span class='ocrx_word' id='word_1_234' title='bbox 1334 2192 1535 2267; x_wconf 81' lang='lat' dir='ltr'>intelligi</span> <span class='ocrx_word' id='word_1_235' title='bbox 1562 2213 1667 2245; x_wconf 88' lang='lat' dir='ltr'>non</span> <span class='ocrx_word' id='word_1_236' title='bbox 1698 2198 1858 2267; x_wconf 88' lang='lat' dir='ltr'>potest</span> 
     </span>
     <span class='ocr_line' id='line_1_27' title="bbox 88 2269 1855 2344; baseline 0.003 -24"><span class='ocrx_word' id='word_1_237' title='bbox 88 2269 147 2321; x_wconf 90' lang='lat' dir='ltr'>de</span> <span class='ocrx_word' id='word_1_238' title='bbox 189 2289 324 2322; x_wconf 89' lang='lat' dir='ltr'>mera</span> <span class='ocrx_word' id='word_1_239' title='bbox 360 2270 567 2322; x_wconf 87' lang='lat' dir='ltr'>carentia</span> <span class='ocrx_word' id='word_1_240' title='bbox 601 2270 764 2322; x_wconf 90' lang='lat' dir='ltr'>omnis</span> <span class='ocrx_word' id='word_1_241' title='bbox 804 2270 1013 2342; x_wconf 89' lang='lat' dir='ltr'>peccati,</span> <span class='ocrx_word' id='word_1_242' title='bbox 1051 2290 1141 2342; x_wconf 90' lang='lat' dir='ltr'>pro</span> <span class='ocrx_word' id='word_1_243' title='bbox 1179 2269 1347 2341; x_wconf 89' lang='lat' dir='ltr'>aliquo</span> <span class='ocrx_word' id='word_1_244' title='bbox 1379 2269 1573 2323; x_wconf 80' lang='lat' dir='ltr'>tantum</span> <span class='ocrx_word' id='word_1_245' title='bbox 1604 2290 1855 2344; x_wconf 71' lang='lat' dir='ltr'>temporc5</span> 
     </span>
     <span class='ocr_line' id='line_1_28' title="bbox 89 2345 1856 2421; baseline 0.003 -24"><span class='ocrx_word' id='word_1_246' title='bbox 89 2345 192 2398; x_wconf 74' lang='lat' dir='ltr'>haec</span> <span class='ocrx_word' id='word_1_247' title='bbox 216 2346 350 2399; x_wconf 88' lang='lat' dir='ltr'>enim</span> <span class='ocrx_word' id='word_1_248' title='bbox 377 2347 616 2420; x_wconf 88' lang='lat' dir='ltr'>competit</span> <span class='ocrx_word' id='word_1_249' title='bbox 648 2368 752 2399; x_wconf 89' lang='lat' dir='ltr'>non</span> <span class='ocrx_word' id='word_1_250' title='bbox 778 2346 940 2400; x_wconf 73' lang='lat' dir='ltr'>solum</span> <span class='ocrx_word' id='word_1_251' title='bbox 967 2347 1164 2421; x_wconf 77' lang='lat' dir='ltr'>Angelis</span> <span class='ocrx_word' id='word_1_252' title='bbox 1182 2388 1192 2404; x_wconf 87' lang='lat'>‚</span> <span class='ocrx_word' id='word_1_253' title='bbox 1224 2347 1302 2398; x_wconf 86' lang='lat' dir='ltr'>sed</span> <span class='ocrx_word' id='word_1_254' title='bbox 1327 2347 1561 2400; x_wconf 89' lang='lat' dir='ltr'>omnibus</span> <span class='ocrx_word' id='word_1_255' title='bbox 1602 2348 1750 2402; x_wconf 88' lang='lat' dir='ltr'>ctiam</span> <span class='ocrx_word' id='word_1_256' title='bbox 1784 2351 1856 2402; x_wconf 87' lang='lat' dir='ltr'>in-</span> 
     </span>
     <span class='ocr_line' id='line_1_29' title="bbox 86 2423 1854 2498; baseline 0.003 -24"><span class='ocrx_word' id='word_1_257' title='bbox 86 2423 324 2484; x_wconf 84' lang='lat' dir='ltr'>fantibus,</span> <span class='ocrx_word' id='word_1_258' title='bbox 364 2444 474 2478; x_wconf 89' lang='lat' dir='ltr'>ante</span> <span class='ocrx_word' id='word_1_259' title='bbox 498 2426 641 2478; x_wconf 83' lang='lat' dir='ltr'>usum</span> <span class='ocrx_word' id='word_1_260' title='bbox 669 2425 866 2478; x_wconf 86' lang='lat' dir='ltr'>rationis</span> <span class='ocrx_word' id='word_1_261' title='bbox 894 2466 904 2482; x_wconf 92' lang='lat'>‚</span> <span class='ocrx_word' id='word_1_262' title='bbox 944 2428 996 2477; x_wconf 60' lang='grc' dir='ltr'>ἃ</span> <span class='ocrx_word' id='word_1_263' title='bbox 1019 2425 1127 2498; x_wconf 89' lang='lat' dir='ltr'>post</span> <span class='ocrx_word' id='word_1_264' title='bbox 1149 2424 1451 2497; x_wconf 84' lang='lat' dir='ltr'>Baptismum</span> <span class='ocrx_word' id='word_1_265' title='bbox 1483 2425 1854 2487; x_wconf 59' lang='lat' dir='ltr'>decedentibus,</span> 
     </span>
     <span class='ocr_line' id='line_1_30' title="bbox 88 2499 1855 2577; baseline 0.003 -26"><span class='ocrx_word' id='word_1_266' title='bbox 88 2499 193 2552; x_wconf 78' lang='lat' dir='ltr'>imo</span> <span class='ocrx_word' id='word_1_267' title='bbox 222 2506 274 2554; x_wconf 58' lang='grc' dir='ltr'>ἃ</span> <span class='ocrx_word' id='word_1_268' title='bbox 300 2508 340 2554; x_wconf 88' lang='lat' dir='ltr'>S.</span> <span class='ocrx_word' id='word_1_269' title='bbox 358 2502 573 2573; x_wconf 90' lang='lat' dir='ltr'>Johanni</span> <span class='ocrx_word' id='word_1_270' title='bbox 600 2502 817 2574; x_wconf 80' lang='lat' dir='ltr'>Baptistae</span> <span class='ocrx_word' id='word_1_271' title='bbox 836 2543 846 2559; x_wconf 84' lang='lat'>‚</span> <span class='ocrx_word' id='word_1_272' title='bbox 874 2505 927 2554; x_wconf 82' lang='lat'>&amp;</span> <span class='ocrx_word' id='word_1_273' title='bbox 955 2502 1330 2574; x_wconf 79' lang='lat' dir='ltr'>quamplurimis</span> <span class='ocrx_word' id='word_1_274' title='bbox 1354 2501 1454 2575; x_wconf 84' lang='lat' dir='ltr'>alijs</span> <span class='ocrx_word' id='word_1_275' title='bbox 1472 2503 1749 2561; x_wconf 68' lang='lat' dir='ltr'>Sanctis‚ac</span> <span class='ocrx_word' id='word_1_276' title='bbox 1768 2504 1855 2577; x_wconf 81' lang='lat' dir='ltr'>ipsi</span> 
     </span>
     <span class='ocr_line' id='line_1_31' title="bbox 90 2578 1854 2655; baseline 0.003 -26"><span class='ocrx_word' id='word_1_277' title='bbox 90 2578 237 2631; x_wconf 90' lang='lat' dir='ltr'>etiam</span> <span class='ocrx_word' id='word_1_278' title='bbox 264 2579 573 2654; x_wconf 76' lang='lat' dir='ltr'>Magdalenae</span> <span class='ocrx_word' id='word_1_279' title='bbox 596 2579 847 2653; x_wconf 79' lang='lat' dir='ltr'>peccatrici</span> <span class='ocrx_word' id='word_1_280' title='bbox 871 2603 884 2638; x_wconf 88' lang='grc'>5</span> <span class='ocrx_word' id='word_1_281' title='bbox 912 2578 962 2631; x_wconf 89' lang='lat' dir='ltr'>hi</span> <span class='ocrx_word' id='word_1_282' title='bbox 990 2579 1122 2632; x_wconf 88' lang='lat' dir='ltr'>enim</span> <span class='ocrx_word' id='word_1_283' title='bbox 1154 2599 1327 2631; x_wconf 88' lang='lat' dir='ltr'>omncs</span> <span class='ocrx_word' id='word_1_284' title='bbox 1350 2600 1440 2652; x_wconf 92' lang='lat' dir='ltr'>pro</span> <span class='ocrx_word' id='word_1_285' title='bbox 1464 2579 1632 2652; x_wconf 88' lang='lat' dir='ltr'>aliquo</span> <span class='ocrx_word' id='word_1_286' title='bbox 1659 2600 1854 2655; x_wconf 80' lang='lat' dir='ltr'>tempo-</span> 
     </span>
     <span class='ocr_line' id='line_1_32' title="bbox 88 2654 1854 2731; baseline 0.004 -24"><span class='ocrx_word' id='word_1_287' title='bbox 88 2674 135 2708; x_wconf 86' lang='lat' dir='ltr'>re</span> <span class='ocrx_word' id='word_1_288' title='bbox 164 2656 303 2708; x_wconf 89' lang='lat' dir='ltr'>omni</span> <span class='ocrx_word' id='word_1_289' title='bbox 328 2656 522 2710; x_wconf 75' lang='lat' dir='ltr'>macula</span> <span class='ocrx_word' id='word_1_290' title='bbox 544 2656 734 2710; x_wconf 72' lang='lat' dir='ltr'>caruere</span> <span class='ocrx_word' id='word_1_291' title='bbox 762 2681 775 2716; x_wconf 89' lang='grc'>5</span> <span class='ocrx_word' id='word_1_292' title='bbox 804 2678 865 2710; x_wconf 90' lang='lat' dir='ltr'>an</span> <span class='ocrx_word' id='word_1_293' title='bbox 893 2654 1007 2710; x_wconf 80' lang='lat' dir='ltr'>vero</span> <span class='ocrx_word' id='word_1_294' title='bbox 1030 2657 1142 2709; x_wconf 88' lang='lat' dir='ltr'>ideo</span> <span class='ocrx_word' id='word_1_295' title='bbox 1170 2656 1263 2709; x_wconf 89' lang='lat' dir='ltr'>dici</span> <span class='ocrx_word' id='word_1_296' title='bbox 1291 2657 1467 2729; x_wconf 85' lang='lat' dir='ltr'>possint</span> <span class='ocrx_word' id='word_1_297' title='bbox 1492 2656 1626 2710; x_wconf 74' lang='lat' dir='ltr'>tanta</span> <span class='ocrx_word' id='word_1_298' title='bbox 1647 2659 1854 2731; x_wconf 88' lang='lat' dir='ltr'>puritate</span> 
     </span>
     <span class='ocr_line' id='line_1_33' title="bbox 89 2733 1854 2809; baseline 0.003 -25"><span class='ocrx_word' id='word_1_299' title='bbox 89 2733 272 2787; x_wconf 84' lang='lat' dir='ltr'>nituiffe</span> <span class='ocrx_word' id='word_1_300' title='bbox 296 2776 307 2793; x_wconf 86' lang='lat'>‚</span> <span class='ocrx_word' id='word_1_301' title='bbox 333 2734 428 2807; x_wconf 71' lang='lat' dir='ltr'>qua</span> <span class='ocrx_word' id='word_1_302' title='bbox 457 2738 614 2809; x_wconf 80' lang='lat' dir='ltr'>major</span> <span class='ocrx_word' id='word_1_303' title='bbox 640 2735 725 2787; x_wconf 77' lang='lat' dir='ltr'>sub</span> <span class='ocrx_word' id='word_1_304' title='bbox 750 2740 862 2788; x_wconf 86' lang='lat' dir='ltr'>Deo</span> <span class='ocrx_word' id='word_1_305' title='bbox 890 2734 1091 2808; x_wconf 77' lang='lat' dir='ltr'>cogitari</span> <span class='ocrx_word' id='word_1_306' title='bbox 1114 2755 1215 2786; x_wconf 88' lang='lat' dir='ltr'>non</span> <span class='ocrx_word' id='word_1_307' title='bbox 1240 2734 1406 2806; x_wconf 85' lang='lat' dir='ltr'>possit?</span> <span class='ocrx_word' id='word_1_308' title='bbox 1446 2754 1528 2788; x_wconf 86' lang='lat' dir='ltr'>aut</span> <span class='ocrx_word' id='word_1_309' title='bbox 1560 2740 1726 2789; x_wconf 85' lang='lat' dir='ltr'>Deum</span> <span class='ocrx_word' id='word_1_310' title='bbox 1748 2758 1854 2791; x_wconf 91' lang='lat' dir='ltr'>non</span> 
     </span>
     <span class='ocr_line' id='line_1_34' title="bbox 89 2809 1852 2886; baseline 0.005 -26"><span class='ocrx_word' id='word_1_311' title='bbox 89 2809 217 2881; x_wconf 84' lang='lat' dir='ltr'>poffe</span> <span class='ocrx_word' id='word_1_312' title='bbox 250 2817 537 2866; x_wconf 82' lang='lat' dir='ltr'>Creaturam</span> <span class='ocrx_word' id='word_1_313' title='bbox 569 2812 788 2884; x_wconf 81' lang='lat' dir='ltr'>aliquam</span> <span class='ocrx_word' id='word_1_314' title='bbox 829 2813 1096 2885; x_wconf 86' lang='lat' dir='ltr'>producere</span> <span class='ocrx_word' id='word_1_315' title='bbox 1123 2810 1421 2886; x_wconf 75' lang='lat' dir='ltr'>Magdalena</span> <span class='ocrx_word' id='word_1_316' title='bbox 1449 2813 1723 2885; x_wconf 84' lang='lat' dir='ltr'>puriorem?</span> <span class='ocrx_word' id='word_1_317' title='bbox 1762 2820 1852 2868; x_wconf 84' lang='lat' dir='ltr'>Pu-</span> 
     </span>
     <span class='ocr_line' id='line_1_35' title="bbox 90 2886 1851 2964; baseline 0.005 -27"><span class='ocrx_word' id='word_1_318' title='bbox 90 2886 198 2939; x_wconf 86' lang='lat' dir='ltr'>ritas</span> <span class='ocrx_word' id='word_1_319' title='bbox 222 2909 351 2964; x_wconf 80' lang='lat' dir='ltr'>ergo,</span> <span class='ocrx_word' id='word_1_320' title='bbox 364 2891 423 2942; x_wconf 89' lang='lat' dir='ltr'>de</span> <span class='ocrx_word' id='word_1_321' title='bbox 441 2911 539 2962; x_wconf 90' lang='lat' dir='ltr'>qua</span> <span class='ocrx_word' id='word_1_322' title='bbox 561 2889 779 2962; x_wconf 88' lang='lat' dir='ltr'>loquitur</span> <span class='ocrx_word' id='word_1_323' title='bbox 808 2895 848 2942; x_wconf 84' lang='lat' dir='ltr'>S.</span> <span class='ocrx_word' id='word_1_324' title='bbox 864 2889 1085 2942; x_wconf 88' lang='lat' dir='ltr'>Thomas</span> <span class='ocrx_word' id='word_1_325' title='bbox 1100 2931 1110 2947; x_wconf 88' lang='lat'>‚</span> <span class='ocrx_word' id='word_1_326' title='bbox 1128 2910 1231 2941; x_wconf 92' lang='lat' dir='ltr'>non</span> <span class='ocrx_word' id='word_1_327' title='bbox 1257 2891 1320 2941; x_wconf 88' lang='lat' dir='ltr'>est</span> <span class='ocrx_word' id='word_1_328' title='bbox 1337 2889 1531 2943; x_wconf 80' lang='lat' dir='ltr'>tantum</span> <span class='ocrx_word' id='word_1_329' title='bbox 1548 2911 1638 2963; x_wconf 88' lang='lat' dir='ltr'>pro</span> <span class='ocrx_word' id='word_1_330' title='bbox 1667 2891 1851 2964; x_wconf 87' lang='lat' dir='ltr'>aliquo,</span> 
     </span>
     <span class='ocr_line' id='line_1_36' title="bbox 90 2963 1851 3041; baseline 0.004 -27"><span class='ocrx_word' id='word_1_331' title='bbox 90 2963 167 3015; x_wconf 83' lang='lat' dir='ltr'>sed</span> <span class='ocrx_word' id='word_1_332' title='bbox 191 2986 278 3037; x_wconf 92' lang='lat' dir='ltr'>pro</span> <span class='ocrx_word' id='word_1_333' title='bbox 305 2968 446 3020; x_wconf 88' lang='lat' dir='ltr'>omni</span> <span class='ocrx_word' id='word_1_334' title='bbox 469 2986 717 3039; x_wconf 60' lang='lat' dir='ltr'>tempores</span> <span class='ocrx_word' id='word_1_335' title='bbox 756 2988 873 3020; x_wconf 89' lang='lat' dir='ltr'>nam</span> <span class='ocrx_word' id='word_1_336' title='bbox 897 2988 1004 3039; x_wconf 76' lang='lat' dir='ltr'>quae</span> <span class='ocrx_word' id='word_1_337' title='bbox 1026 2967 1217 3041; x_wconf 78' lang='lat' dir='ltr'>purgari</span> <span class='ocrx_word' id='word_1_338' title='bbox 1241 2967 1384 3020; x_wconf 79' lang='lat' dir='ltr'>debet</span> <span class='ocrx_word' id='word_1_339' title='bbox 1406 3009 1417 3026; x_wconf 83' lang='lat'>‚</span> <span class='ocrx_word' id='word_1_340' title='bbox 1456 2988 1557 3020; x_wconf 89' lang='lat' dir='ltr'>non</span> <span class='ocrx_word' id='word_1_341' title='bbox 1583 2969 1647 3020; x_wconf 85' lang='lat' dir='ltr'>est</span> <span class='ocrx_word' id='word_1_342' title='bbox 1670 2970 1851 3039; x_wconf 82' lang='lat' dir='ltr'>purissi-</span> 
     </span>
     <span class='ocr_line' id='line_1_37' title="bbox 89 3045 1851 3119; baseline 0.003 -24"><span class='ocrx_word' id='word_1_343' title='bbox 89 3060 202 3102; x_wconf 69' lang='lat' dir='ltr'>mas</span> <span class='ocrx_word' id='word_1_344' title='bbox 242 3045 370 3100; x_wconf 89' lang='lat' dir='ltr'>Sicut</span> <span class='ocrx_word' id='word_1_345' title='bbox 387 3051 633 3104; x_wconf 84' lang='lat' dir='ltr'>Matrona,</span> <span class='ocrx_word' id='word_1_346' title='bbox 648 3066 756 3119; x_wconf 81' lang='lat' dir='ltr'>quae</span> <span class='ocrx_word' id='word_1_347' title='bbox 781 3045 1047 3118; x_wconf 88' lang='lat' dir='ltr'>aliquando</span> <span class='ocrx_word' id='word_1_348' title='bbox 1070 3045 1309 3116; x_wconf 87' lang='lat' dir='ltr'>pudorem</span> <span class='ocrx_word' id='word_1_349' title='bbox 1333 3046 1489 3099; x_wconf 75' lang='lat' dir='ltr'>amisit</span> <span class='ocrx_word' id='word_1_350' title='bbox 1513 3087 1524 3104; x_wconf 92' lang='lat'>,</span> <span class='ocrx_word' id='word_1_351' title='bbox 1559 3066 1662 3098; x_wconf 92' lang='lat' dir='ltr'>non</span> <span class='ocrx_word' id='word_1_352' title='bbox 1685 3047 1750 3099; x_wconf 89' lang='lat' dir='ltr'>est</span> <span class='ocrx_word' id='word_1_353' title='bbox 1773 3068 1851 3100; x_wconf 81' lang='lat' dir='ltr'>ca-</span> 
     </span>
    </p>

    <p class='ocr_par' dir='ltr' id='par_1_5' title="bbox 1288 3124 1855 3177">
     <span class='ocr_line' id='line_1_38' title="bbox 1288 3124 1855 3177; baseline 0.002 -2"><span class='ocrx_word' id='word_1_354' title='bbox 1288 3127 1323 3175; x_wconf 84' lang='lat' dir='ltr'>B</span> <span class='ocrx_word' id='word_1_355' title='bbox 1366 3144 1387 3175; x_wconf 84' lang='lat'>2</span> <span class='ocrx_word' id='word_1_356' title='bbox 1726 3124 1855 3177; x_wconf 82' lang='lat' dir='ltr'>stiffi-</span> 
     </span>
    </p>
   </div>
  </div>
 </body>
</html>
