2112 3491
894 240 1276 311 >1⁴(34)›1⁴

316 355 463 409 ⁴Semo.
542 360 751 430 Joannes
763 354 1098 414 Bromiardus‚
1113 356 1197 428 qui
1211 354 1375 408 floruit
1388 355 1511 409 circa
1534 358 1737 410 Annum
1769 372 1908 410 1260.
1923 351 1974 412 in

203 438 403 488 Summa
414 429 956 491 Praedicantinm,verbo‚
970 433 1155 484 Maria
1166 448 1256 484 art.
1270 454 1311 484 2.
1329 454 1371 484 n.
1386 453 1443 485 Jo.
1458 435 1614 486 Beata
1629 436 1785 510 Virg0‚
1800 434 1974 508 inquit,

184 514 294 586 fuit
306 510 715 587 caterisspecializis
728 508 785 572 Εἴ
796 508 1065 563 eminentias
1075 508 1396 580 Sandificatas
1419 515 1586 563 namS
1594 510 1805 564 Thomas
1818 527 1912 585 ,Ἀρ
1927 533 1973 588 q.

203 612 232 643 2
234 611 283 654 7.
295 611 341 643 a.
354 611 396 643 2.
434 592 575 641 Ponit
591 592 686 657 ejas
705 586 1084 659 Sanoit'ficationis
1105 585 1435 644 excellentiam,
1451 587 1686 663 quantam
1710 588 1780 641 ad
1805 603 1975 663 tempo-

204 672 272 720 ris
289 669 606 741 prioritatem,
623 667 673 718 in
693 663 795 725 hoc,
808 663 1238 741 qaodSanoi‘ificata
1253 665 1349 736 fnit
1363 666 1438 724 ,in
1459 669 1555 736 ejus
1590 668 1873 721 animatione
1886 704 1900 724 2
1924 665 1979 721 id

204 747 274 821 est,
300 747 350 798 in
387 745 690 810 conjunctione
711 745 874 796 anima
900 764 1007 796 cnm
1028 758 1230 816 corpore,
1251 762 1342 795 non
1361 741 1472 796 antex

320 819 523 895 Septimo.
605 825 775 873 Beatus
812 820 1094 875 Ludovicus
1119 825 1389 873 Bertrarnus
1413 821 1462 873 in
1486 824 1692 874 Sermone
1713 821 1767 874 de
1782 821 1978 900 Parisp'-

204 919 288 951 ma
315 901 528 974 Virgine,
554 918 707 971 quem
719 897 953 952 Valentiae
975 897 1169 957 habuit,
1187 901 1241 950 &
1264 897 1343 951 cui
1368 898 1562 952 initium
1585 900 1664 951 est.
1702 901 1758 951 In
1772 896 1852 952 hoc
1874 904 1976 952 Ser-

205 997 334 1031 mone
347 977 467 1050 stint
502 991 707 1051 quatuor
723 991 919 1049 partes:
966 979 1037 1029 Ita
1064 975 1283 1048 loquitur
1305 1000 1314 1026 :
1351 977 1408 1028 In
1436 973 1525 1028 hac
1555 977 1771 1050 infafione
1788 979 1978 1039 anima,

203 1053 395 1131 quando
419 1056 585 1106 anima
612 1057 806 1126 corpori&
822 1051 978 1126 primo
998 1051 1100 1107 adit
1111 1051 1421 1128 poſjeffionem,
1447 1052 1618 1107 nullius
1636 1057 1826 1108 Peccati
1862 1057 1979 1108 Ori-

195 1130 515 1209 gmalissorde
550 1130 842 1206 conspurcata
873 1133 979 1206 fuit
1024 1174 1034 1182 .
1082 1173 1091 1182 .
1138 1172 1148 1181 .
1186 1129 1403 1202 ideojnre
1435 1134 1600 1205 optimo
1635 1132 1689 1184 de
1709 1131 1979 1210 Beatiffi'mae

207 1212 421 1285 Virginis
444 1211 730 1282 Conceptione
749 1209 924 1284 Festum
949 1206 1227 1261 celebramus
1238 1249 1443 1261 .....
1481 1211 1708 1263 Primum
1740 1206 1798 1273 Εἴ
1817 1212 1983 1263 maxi...

203 1308 339 1341 mum
363 1285 625 1356 beneficiam
644 1288 740 1365 fuit
755 1323 769 1343 ,
785 1306 876 1361 quo
910 1288 961 1339 in
979 1287 1073 1359 fica
1098 1287 1384 1358 Conceptione
1409 1284 1470 1338 ab
1495 1286 1729 1361 Originali
1749 1285 1850 1339 labe
1863 1303 1979 1360 prae-

183 1366 396 1439 ſsrvata
411 1366 522 1436 fuit.
559 1366 657 1418 Hic
681 1364 803 1437 obijt
826 1368 974 1417 Anno
1010 1382 1148 1422 1381.
1176 1363 1251 1418 vel
1284 1383 1298 1415 1
1319 1381 1423 1422 387.
1458 1364 1584 1419 Vide
1607 1382 1772 1417 totum
1795 1365 1978 1418 sermo-

201 1463 320 1496 nem
347 1463 404 1496 ex
421 1442 660 1517 Originali
674 1441 966 1514 descriptum
985 1442 1115 1514 apud
1138 1445 1193 1496 N
1196 1441 1552 1517 ierenbergium
1573 1443 1624 1495 in
1645 1442 1832 1516 Except.
1858 1446 1977 1496 Con-

202 1518 271 1574 cil.
297 1520 500 1572 Uident.
510 1521 560 1594 f.
579 1539 676 1583 205.

319 1596 520 1651 Oetavo.
602 1596 901 1651 Venerabilis
918 1596 1254 1670 Hieronymus
1271 1602 1471 1651 Lanuza
1490 1597 1750 1670 Episcopus
1766 1596 1980 1652 Balbass-

202 1675 346 1729 tensis
363 1716 376 1735 ‚
399 1678 455 1729 ὃ(
478 1673 810 1732 Albaracinus„
822 1675 1055 1728 undecim
1079 1675 1345 1729 rationibus
1366 1675 1745 1729 Immaculatam
1783 1679 1978 1729 Conce-

201 1753 427 1826 ptionem
443 1752 640 1824 probat,
664 1773 783 1825 quas
799 1752 960 1807 videre
983 1753 1049 1805 est
1072 1753 1201 1824 apud
1222 1754 1589 1827 Hieronymum
1615 1753 1752 1806 Fuser
1789 1753 1841 1806 in
1877 1755 1979 1825 ejus

201 1829 339 1887 vital.
366 1849 411 1893 3.
437 1849 470 1881 c.
510 1850 574 1881 12.
612 1834 683 1882 Ex
708 1850 811 1902 quo
836 1850 912 1883 eas
930 1829 1145 1883 exscribit
1166 1830 1395 1885 Eusebius
1421 1834 1475 1883 N
1480 1829 1800 1905 ierenbergius
1812 1831 1979 1883 inEx-

201 1922 307 1982 cept.
347 1905 511 1960 Concil.
551 1905 683 1959 Trid
706 1911 760 1960 &
782 1907 950 1961 multae
973 1906 1176 1980 quoque
1193 1926 1356 1962 extant
1384 1908 1514 1960 Tom.
1551 1926 1596 1973 5.
1634 1906 1977 1961 Homiliaram.

204 1990 440 2040 Lanuzae.
493 1984 636 2056 Obijt
669 1988 818 2039 Anno
845 2000 931 2037 162
948 2004 985 2046 ς.
1010 1989 1087 2038 De
1114 1984 1212 2039 hoc
1232 2004 1389 2039 narrat
1410 1984 1628 2057 praefatus
1640 1985 1818 2038 Fuser.:
1856 1987 1978 2038 M·-

204 2063 324 2117 mini
346 2060 607 2136 ipstimſsepe
631 2077 910 2115 narrantem
925 2103 937 2121 ‚
962 2062 1195 2137 quamdin
1223 2065 1274 2116 in
1296 2066 1539 2115 Conventa
1557 2061 1793 2115 Valentino
1813 2064 1977 2116 vitam

203 2143 313 2217 egit,
326 2143 421 2194 vix
441 2138 780 2193 hebdomadam
805 2138 952 2192 ullam
974 2138 1177 2215 efflaxff
1190 2181 1202 2199 ,
1224 2144 1340 2214 quin
1364 2138 1418 2191 de
1440 2137 1519 2191 hoc
1541 2141 1767 2217 Mysterio
1803 2138 1827 2192 ὲ
1862 2144 1976 2217 Sag-

232 2220 319 2293 estu
340 2216 489 2270 verba
490 2219 694 2292 faceret3
730 2215 823 2270 imo
844 2219 894 2270 in
924 2216 1031 2289 alq's
1071 2215 1274 2289 Eccltssjs
1298 2214 1530 2270 Catholicae
1554 2222 1731 2271 Corona
1754 2220 1977 2272 conciones

197 2240 399 2366 {abuiffie
418 2295 472 2347 de
497 2315 542 2347 eo
567 2294 784 2347 ducentas
807 2295 1151 2369 quinquaginta
1178 2293 1235 2357 Εἴ
1253 2293 1467 2367 amplias.

320 2371 480 2424 Nono.
561 2372 795 2447 Magister
817 2372 1048 2443 Casparus
1072 2371 1276 2425 Catalan
1289 2372 1469 2425 defrus
1486 2372 1743 2445 Episcopus
1766 2372 1975 2427 Ilerden·

204 2451 262 2505 fis
277 2451 327 2503 in
338 2448 550 2522 Epistola
561 2450 622 2502 ad
634 2454 884 2522 Joannem
905 2450 1167 2520 Baptistam
1188 2450 1248 2502 de
1271 2454 1472 2502 Lanuza
1484 2453 1631 2502 Anno
1664 2466 1747 2509 165
1768 2472 1802 2503 1.
1820 2471 1976 2523 quam

204 2547 365 2582 totam
382 2526 575 2581 exhibet
599 2532 653 2581 N
658 2526 975 2601 ierenbergius
991 2529 1041 2578 in
1063 2527 1248 2599 Except.
1269 2526 1348 2601 fol
1369 2547 1455 2578 201.
1510 2529 1609 2578 Me
1646 2531 1976 2601 perc·unc7atur

186 2608 288 2679 stca
311 2607 603 2664 Dominatio,
619 2625 685 2657 an
711 2608 752 2656 S.
771 2602 984 2656 Thomas
1004 2602 1228 2661 docuerit,
1241 2605 1300 2656 B.
1319 2605 1561 2679 Virginem
1576 2605 1712 2678 faff
1721 2607 1974 2679 prcfirva-
2030 2661 2031 2664 ,

203 2699 307 2735 tam
327 2681 360 2735 a
382 2698 563 2756 peccato
612 2680 856 2757 Originali.
951 2681 1227 2757 Respondeo:
1257 2681 1476 2758 Qodsic
1506 2677 1598 2744 &aa
1647 2682 1900 2759 Pergitc'lue
1923 2683 1977 2736 id

201 2761 368 2814 multis
392 2759 607 2831 probare.

319 2835 526 2890 Decimo.
606 2835 893 2890 Ambrofius
941 2835 1231 2890 Catharinus
1268 2834 1700 2910 Archi-Episcopus
1734 2838 1974 2910 Compsa-

203 2935 294 2968 nus
317 2934 563 2989 mtegrum
601 2913 913 2986 Opusculum
952 2915 1101 2968 edidit
1123 2934 1211 2987 pro
1249 2915 1571 2968 Immaculata
1619 2915 1971 2989 Conceptione.

204 2992 345 3065 Obijt
370 2996 517 3044 Anno
551 3012 689 3054 1552.

317 3065 581 3123 Undecimo.
662 3067 873 3143 Jacobus
891 3069 950 3123 de
973 3075 1220 3145 Voragine
1244 3067 1673 3143 Archi-Episcopus
1707 3068 1974 3125 Genuenfis

1919 3165 1969 3201 m
