2112 3491
766 256 1135 326 ÷(89)÷

79 370 263 429 inveni,
287 369 521 422 mulierem
543 383 700 422 autem
723 388 779 422 ex
801 367 1010 422 omnibns
1032 390 1121 423 non
1144 370 1316 422 inveni.
1395 373 1454 422 Et
1476 370 1588 442 Jobi
1618 393 1691 433 24.
1728 374 1834 427 M.

78 466 152 498 mo
174 447 376 501 mundus
395 445 428 498 ax
441 446 594 518 forde,
617 447 712 522 negj
733 447 914 521 infans,
941 451 1071 518 cnjus
1092 448 1146 522 est
1165 449 1305 499 unlus
1325 448 1438 500 Diei
1468 450 1725 522 vitasuper
1746 468 1835 504 ter-

80 543 200 576 ram.

192 600 315 676 Resp.
354 621 388 652 J.
427 606 654 659 Certum,
678 604 731 653 δε
755 600 1085 655 indubitatum
1108 602 1199 657 est,
1227 601 1539 655 Generalibus
1563 603 1757 679 Regulis
1780 608 1834 659 ἅ

77 678 484 762 propositionibus
519 684 558 731 S.
595 681 840 750 Scriptura:
865 699 969 731 non
1001 678 1349 750 comprehendi
1381 684 1428 731 B.
1464 680 1784 754 Virginem3
1773 702 1838 735 ita

78 774 212 807 enim
236 755 434 808 docetS
459 756 751 829 Augustinus
773 759 911 807 Serm.
928 754 982 807 de
1001 755 1224 828 Affltmpt.
1250 757 1307 806 B.
1335 757 1461 830 Vzrg.
1477 757 1572 808 &L
1597 777 1629 809 J.
1652 757 1706 810 de
1720 760 1836 810 Na-

77 846 192 884 tura
216 830 272 894 εἷ
297 835 482 885 Gratia
501 852 535 884 c.
550 838 631 894 36.
667 837 726 885 Et
749 832 998 885 clarissime
1021 832 1114 904 ipse
1138 832 1397 907 Angelicus
1410 837 1602 886 Doctor
1623 854 1654 896 3
1658 851 1706 907 p
1720 856 1762 910 q.
1755 855 1836 899 .3ο.

78 928 124 960 a.
137 929 177 960 2.
202 908 273 960 ad
278 931 317 960 2
396 908 687 968 Dicendum,
709 907 853 984 qumi,
871 909 924 981 s
919 924 993 962 cut
1008 910 1295 984 Augustinus
1315 909 1466 961 dtcit
1447 930 1497 961 tn
1520 915 1658 962 Serm.
1675 911 1729 964 de
1743 914 1841 984 As

60 986 237 1058 snmpt.
264 988 450 1038 Maria
480 984 601 1038 vera?
622 987 900 1060 aestimatione
921 1008 954 1037 a
977 984 1260 1071 qmbusdam
1276 985 1563 1062 generalibus
1585 990 1834 1074 exeipitnr:

77 1062 225 1137 Qia
236 1083 312 1115 nec
336 1067 579 1136 Conceptus
600 1062 953 1135 ntultiplz'cavzt,
976 1061 1155 1135 necſstb
1179 1083 1304 1123 vm,
1335 1062 1415 1115 hoc
1430 1065 1510 1138 est,
1528 1067 1692 1116 mariti
1713 1081 1840 1138 pote-

64 1139 323 1214 statefm't:
361 1141 512 1212 quue
536 1141 778 1193 evidenter
799 1140 1030 1212 probatur
1053 1160 1109 1193 ex
1132 1140 1232 1214 alijs
1257 1146 1298 1193 S.
1314 1143 1559 1212 Scripturae
1582 1141 1713 1195 locis.
1752 1144 1839 1197 Illa

76 1217 212 1269 enim
233 1218 391 1270 Verba
417 1218 722 1271 Ecclesiastici
745 1237 785 1270 c.
798 1240 877 1278 40·
917 1219 1095 1270 Omnia
1117 1238 1213 1292 quae
1228 1218 1282 1270 de
1303 1234 1429 1271 terra
1440 1218 1637 1290 sitnt‚in
1659 1235 1838 1272 terram

80 1309 380 1346 revertentur.
434 1300 491 1347 Et
516 1295 594 1348 illa
618 1294 874 1347 Hieremiae
896 1310 935 1347 6.
950 1298 1003 1346 δε
1026 1313 1064 1347 s.
1113 1298 1285 1347 Omnes
1307 1297 1524 1347 avaritie
1535 1296 1731 1370 student.
1779 1303 1839 1351 Et

76 1371 139 1422 ad
164 1371 384 1424 Corinth.
407 1393 441 1423 i.
482 1375 652 1424 Omnes
671 1386 892 1445 quaerunt,
879 1372 1256 1446 ,qnaestmsnnt5
1287 1393 1392 1425 non
1414 1372 1837 1444 comprehendunt

77 1451 128 1499 B.
144 1448 407 1522 Virginem.
446 1454 513 1501 Ex
539 1447 879 1502 universalibus
903 1468 1019 1522 eigo
1043 1449 1289 1520 Scripturae
1314 1449 1431 1502 locis
1458 1470 1562 1501 non
1578 1453 1730 1521 potest
1756 1453 1838 1504 de-

76 1524 191 1576 duci
217 1526 558 1598 coniequentia
585 1526 645 1578 ad
677 1525 931 1577 Personam
954 1525 1079 1579 adeo
1109 1526 1363 1585 eximiam,
1375 1526 1749 1600 privilegiatam,
1784 1533 1839 1582 ὅ(

79 1621 367 1674 exemptam,
381 1603 533 1675 qualis
557 1604 622 1655 est
640 1607 686 1654 B.
709 1608 871 1677 Virgo

191 1678 302 1732 Imo
326 1680 532 1752 idipsum
555 1647 823 1753 colligitur&
821 1699 877 1732 ex
904 1680 955 1752 ijs
972 1679 1077 1752 ipsis
1097 1678 1317 1738 textibus,
1331 1680 1416 1751 qui
1433 1679 1576 1732 nobis
1600 1679 1839 1754 objiciun2

77 1773 179 1812 turs
217 1761 354 1809 Nam
374 1763 414 1809 S.
429 1756 598 1809 Paulus
622 1756 708 1809 illo
724 1757 824 1828 ipso
845 1772 940 1830 cap.
951 1777 996 1820 3.
1021 1758 1083 1810 ad
1098 1761 1352 1810 Romanos
1369 1755 1516 1810 habet
1533 1757 1638 1810 istas
1660 1779 1842 1830 propo-

76 1833 268 1886 sitiones
301 1833 602 1889 universales·
727 1856 762 1885 1
789 1836 957 1886 Omnis
990 1833 1120 1887 homo
1142 1833 1358 1886 mendax.
1493 1856 1532 1886 2.
1562 1837 1733 1887 Omnes
1740 1835 1838 1907 sub

68 1912 385 1982 peccatosnnt.
503 1911 668 1962 ,Νοη
690 1911 905 1984 estjustus’
926 1931 1192 1985 qumquam.
1301 1933 1346 1970 4.
1387 1913 1558 1963 Omnes
1579 1910 1839 1965 declinave

78 2002 189 2039 rant
208 1987 352 2058 fimnl
369 1990 488 2040 inuh
489 1987 547 2039 les
564 1989 680 2057 fneJt
688 1988 813 2058 fient.
901 2008 936 2047 5
974 1988 1094 2040 Non
1119 1990 1173 2062 est
1194 1989 1278 2062 qni
1299 1988 1450 2061 fhcint
1471 1986 1651 2047 bonnm,
1669 2010 1758 2042 non
1783 1991 1839 2064 cst

78 2085 178 2139 mg,
200 2064 269 2116 ad
286 2085 444 2116 unum.
527 2066 571 2117 Si
596 2063 914 2117 universalitas
938 2065 1133 2118 istarum
1157 2064 1546 2137 propositionum
1569 2086 1672 2118 non
1699 2087 1839 2119 com-

77 2141 299 2213 plecffiitur
315 2147 362 2194 B.
379 2141 641 2215 Virginem,
654 2161 800 2213 quare
822 2141 901 2193 illa
917 2142 1016 2195 sola
1032 2142 1398 2213 complectatur,
1403 2162 1510 2214 quae
1526 2144 1708 2214 peccati
1723 2144 1837 2196 Ori-

76 2218 247 2292 ginalis
271 2219 494 2271 meminit
517 2228 529 2270 ἒ
555 2222 606 2271 &
631 2218 662 2270 si
691 2217 780 2270 illae
807 2219 948 2271 toties
971 2219 1177 2289 repetitae
1204 2218 1375 2272 locum
1400 2218 1677 2291 relinquunt
1701 2240 1837 2274 exce-

78 2295 248 2368 ptioni,
263 2300 315 2347 δε
332 2295 595 2369 privilegio,
609 2315 754 2366 quare
778 2316 882 2347 non
905 2295 1021 2348 alia?
1039 2294 1156 2348 cum
1178 2294 1314 2368 aeque
1340 2299 1391 2348 ὅ(
1409 2296 1458 2347 in
1482 2296 1578 2354 ista,
1596 2300 1649 2349 &
1674 2298 1723 2349 in
1746 2298 1837 2350 illis

77 2372 249 2425 Paulus
272 2373 590 2426 universaliter
614 2372 842 2444 ‘loquatur
867 2381 879 2425 ?
927 2377 981 2425 N
985 2372 1172 2445 unquid
1195 2373 1311 2426 dicit
1336 2373 1468 2426 idem
1491 2374 1750 2444 Apostolus
1774 2375 1837 2427 ad

80 2449 302 2502 Corinth.
328 2472 340 2500 1
360 2471 396 2510 5.
434 2452 557 2501 Sicnt
584 2454 633 2501 in
656 2449 822 2500 Adam
845 2469 997 2501 omnes
1020 2451 1308 2506 moriuntur,
1331 2452 1401 2502 ita
1425 2452 1475 2501 in
1500 2449 1670 2525 Christo
1686 2471 1836 2504 omnes

77 2524 461 2598 vivficabnntnr.
498 2532 557 2578 Et
579 2545 745 2579 tamen
768 2545 954 2580 certum
978 2528 1057 2585 est,
1069 2547 1173 2580 non
1195 2546 1369 2580 omnes
1395 2527 1454 2578 de
1478 2527 1609 2580 fa&o
1627 2529 1676 2580 in
1694 2528 1836 2580 Chri-

78 2605 152 2655 sto
175 2602 431 2675 vivificari,
444 2604 665 2674 parvulos
690 2603 933 2662 videlicet,
959 2604 1043 2676 qui
1067 2604 1163 2657 fine
1186 2604 1427 2675 Baptismo
1454 2603 1705 2658 decedunt.
1787 2606 1835 2658 Si

78 2700 196 2754 ergo
228 2681 312 2733 ista
338 2680 468 2733 Pauli
505 2681 788 2752 propositio:
825 2683 996 2732 Omnes
1020 2683 1069 2733 in
1096 2680 1268 2756 Chrsso
1302 2678 1698 2743 vivificabuntur,
1723 2703 1835 2736 vera

79 2758 159 2816 est,
177 2759 400 2830 quamvis
424 2776 527 2810 tarn
550 2757 692 2810 multi
709 2757 1028 2829 excipiantur,
1047 2778 1191 2831 quare
1215 2778 1319 2811 non
1346 2757 1490 2810 etiam
1516 2758 1597 2810 ista
1614 2779 1723 2812 vera
1746 2759 1834 2813 effe

77 2834 238 2906 possit:
277 2838 448 2888 Omnes
462 2837 511 2886 in
533 2834 701 2887 Adam
720 2837 1005 2894 moriuntur,
1023 2835 1247 2907 quamvis
1271 2855 1366 2887 una
1382 2855 1485 2886 non
1502 2838 1760 2888 moriatur?
1788 2837 1834 2888 Si

78 2910 212 2963 enim
234 2911 568 2967 universalitati
595 2912 984 2983 propositionum
1000 2933 1103 2965 non
1125 2912 1282 2965 obstat
1305 2911 1520 2984 exceptio
1542 2913 1833 2970 multorum,

77 2986 240 3040 multo
263 2988 424 3042 minus
448 2988 656 3042 obstabit
679 2989 895 3060 exceptio
919 2990 1072 3042 unius.
1124 2993 1253 3042 Patet
1280 3009 1395 3063 ergo
1419 2989 1699 3041 universales
1725 3010 1834 3060 pro-

77 3064 335 3136 positiones
349 3071 412 3120 D.
425 3065 556 3120 Pauli
571 3106 587 3126 ,
606 3086 710 3120 non
726 3065 968 3120 includere
985 3066 1154 3120 omnia
1177 3067 1385 3120 omnino
1411 3065 1683 3125 individuas
1713 3066 1833 3118 illud

1343 3147 1388 3197 Z
1719 3163 1835 3215 prae.
