2112 3491
935 269 1313 340 ›msam‹

243 385 369 441 stillo
395 386 521 438 Tam.
548 404 579 437 l.
596 384 649 439 de
669 384 990 439 Incarnatione
1011 381 1063 438 d..
1082 404 1123 436 2.
1146 402 1189 458 q.
1218 403 1250 436 I.
1274 403 1309 439 c.
1325 405 1365 436 2.
1403 384 1776 460 Nierenbergius
1797 386 1847 438 in
1867 387 1997 439 Para

241 461 426 519 thanim*
441 465 482 536 f.
490 485 517 513 2
521 482 562 526 3.

354 540 620 593 Alexander
636 542 716 590 VI.
753 541 809 589 In
832 542 984 590 Motu
1007 537 1215 609 proprio,
1233 541 1309 590 cui
1336 537 1527 591 initium
1554 562 1563 590 ε
1600 538 1730 592 Illita
1748 542 1855 615 qui:
1878 540 1995 593 reci-

240 634 345 672 tato
363 617 475 670 Sixti
494 614 796 686 Diplomate:
834 616 1126 666 Austoritate
1145 613 1398 689 Apostolica
1419 615 1995 690 decernimm2praeinfertas

241 693 425 752 litteras,
438 712 494 744 ac
515 694 697 750 omnim,
712 690 959 767 &fingula
990 693 1039 745 in
1069 694 1130 743 eis
1163 707 1367 745 contenta
1408 691 1738 746 inviolabiliter
1758 693 1994 767 obstrvari

239 769 401 823 debere.

350 847 504 921 Julius
526 852 580 900 Π.
608 846 891 919 Diplomate
917 868 928 896 ε
964 846 1055 899 Ad
1068 847 1262 921 statum.
1299 850 1445 900 Anno
1469 867 1583 914 1511.
1607 846 1846 923 Regulam
1873 869 1993 902 con-

237 925 387 978 stituit
410 925 759 980 observandam
792 923 819 977 a
846 924 1150 977 Monialibus
1173 924 1259 977 sub
1290 926 1602 980 Invocatione
1628 926 1996 997 Conceptionis,'

234 1002 318 1056 ubi
357 1003 478 1056 inter
502 1002 624 1056 alia:
675 1000 1039 1053 Immaculatam
1074 1004 1405 1074 Conceptionem
1434 1019 1703 1056 venerantes
1724 1044 1736 1061 ‚
1780 1016 1993 1055 voveant

218 1079 398 1152 fimper
419 1082 585 1132 vivere
591 1079 692 1150 stne
705 1081 888 1152 proprio
913 1076 1003 1141 &a
1127 1083 1185 1132 Et
1208 1080 1259 1131 in
1283 1079 1494 1132 formula
1527 1080 1821 1132 Professionis
1849 1105 1858 1131 ε
1895 1080 1994 1154 Ego

215 1157 355 1229 firor
379 1157 453 1208 N
487 1155 539 1208 ob
568 1175 773 1207 amorem
795 1154 851 1218 (5
859 1156 1117 1230 ſsrvitium
1146 1158 1342 1208 Domini
1377 1158 1509 1231 nostri
1529 1193 1543 1213 ,
1583 1155 1640 1220 (5
1679 1156 1992 1209 Immaculata

234 1236 534 1306 Conceptioni's
569 1253 720 1286 voveo
755 1231 811 1296 Εἰ
836 1235 1052 1305 promitto
1075 1231 1166 1295 &a
1245 1237 1304 1288 Et
1326 1233 1377 1286 in
1398 1233 1564 1287 Bulla:
1601 1237 1739 1287 Dum
1750 1233 1989 1307 praeclara.

225 1314 387 1379 Vocat
409 1311 587 1383 Julius,
614 1313 946 1383 Conceptionem
967 1313 1201 1363 Sanctam.

341 1393 447 1441 Leo
471 1394 525 1440 X.
551 1387 777 1441 Ecclefias
803 1393 842 1440 S.
870 1387 1041 1440 Mariae
1075 1388 1124 1439 in
1148 1392 1345 1461 Campo
1373 1393 1579 1449 Sancto,
1608 1393 1792 1442 Sanctae
1817 1389 1988 1442 Mariae

229 1466 288 1519 cle
313 1465 501 1538 Populo
524 1506 535 1524 ‚
572 1466 631 1518 de
658 1470 863 1523 Monte,
886 1465 945 1517 de
970 1470 1064 1517 Ara
1090 1465 1219 1517 Coeli
1246 1502 1260 1521 ‚
1306 1472 1596 1520 Sanctorum
1620 1466 1988 1537 Apostolorum,

228 1548 268 1596 S.
285 1542 513 1595 Francisci
537 1561 663 1595 trans
687 1542 945 1614 Tyberim,
970 1542 1266 1616 S.Laurentij
1293 1543 1343 1595 in
1367 1545 1595 1602 Damaso,
1611 1543 1817 1615 Jubilaeo
1834 1544 1987 1595 dona-

225 1620 293 1674 vit
318 1620 367 1671 in
390 1621 524 1672 Festo
550 1618 911 1690 Conceptionis.
989 1624 1059 1695 Et>
1081 1621 1224 1672 Anno
1255 1625 1380 1684 1518.
1407 1621 1458 1672 in
1495 1620 1630 1674 Bulla
1653 1645 1662 1673 :
1699 1615 1796 1673 Pia
1823 1619 1986 1696 Christi

208 1695 448 1770 fidelium:
472 1700 645 1752 Vocat,
661 1697 992 1768 Conceptionem
1018 1694 1382 1748 [inmaculatam
1406 1694 1496 1760 &a

337 1773 573 1825 Adrianus
597 1776 674 1825 VI.
697 1770 853 1825 Bulla:
891 1773 1138 1824 Romanus
1166 1775 1396 1848 Pontifex.
1459 1778 1607 1828 Anno
1623 1774 1830 1828 Domini
1854 1793 1986 1840 1522.

224 1850 500 1905 Confirmat
517 1849 977 1902 Confraternitatem
1000 1849 1292 1903 Toletanam
1308 1851 1357 1902 in
1380 1851 1624 1904 honorem
1651 1852 1982 1905 Immaculata-3

223 1926 599 2000 Conceptionis,
627 1926 676 1979 in
700 1946 797 2001 qua
819 1946 1113 1980 oeconomus
1137 1932 1189 1980 ὅ(
1212 1927 1394 2001 primus
1420 1929 1674 1983 Confrater
1708 1947 1804 1983 erat
1826 1934 1981 1982 Caro-

220 2004 295 2060 lus
313 2010 368 2061 V.
398 2009 676 2078 Imperator.

334 2082 565 2136 Clemens
590 2087 692 2138 VII.
773 2084 1014 2138 Officium
1047 2084 1395 2158 Conceptionis
1418 2084 1712 2157 approbavit.
1791 2082 1982 2136 Paulus

218 2161 322 2214 III.
347 2160 605 2215 confirmat
649 2162 819 2215 omnia
850 2162 1095 2238 Privilegia
1133 2163 1396 2236 Religionis
1427 2162 1755 2215 Immaculatae
1783 2166 1978 2214 Conce«

217 2238 407 2310 ptioniS.
486 2243 545 2292 Et
576 2245 625 2290 in
652 2239 880 2291 Concilio
899 2241 1183 2292 Tridentino
1208 2239 1357 2311 Seffj.
1373 2257 1514 2313 negat
1532 2239 1852 2292 Beatiflimam
1870 2238 1979 2290 Vir-

216 2315 385 2389 ginem
408 2314 756 2388 comprehendi
781 2316 1092 2369 Generalibus
1116 2318 1359 2390 Scripturae
1377 2316 1706 2370 locutionibus
1724 2317 1782 2368 de
1808 2320 1978 2368 Pecca«

216 2409 271 2445 to
296 2392 547 2467 Originali.

328 2470 481 2542 Julius
508 2474 582 2522 ΙΙΙ.
621 2469 792 2523 Paulus
809 2474 889 2525 IV.
915 2475 968 2524 &
991 2472 1096 2525 Pius
1118 2476 1199 2525 IV.
1237 2471 1402 2527 Varias
1436 2470 1762 2546 Indulgentias
1798 2490 1975 2524 conce-

211 2547 337 2602 dunt
355 2547 816 2601 Sanetimonialibus
841 2549 1205 2621 Conceptionis.

326 2625 433 2677 Pius
458 2630 514 2677 V.
553 2625 830 2678 Confirmat
861 2631 1228 2701 Extravagantes
1263 2625 1375 2679 Sixti
1411 2629 1491 2677 IV.
1521 2630 1573 2679 ὃς
1612 2624 1850 2678 Officium
1873 2628 1970 2679 Im„

213 2701 466 2755 maculatae
493 2703 841 2774 Conceptionis
878 2703 927 2755 in
965 2724 1074 2757 eam
1111 2705 1323 2756 formam
1347 2704 1529 2755 reducit
1553 2745 1563 2761 ,
1601 2723 1709 2775 quae
1739 2701 1896 2754 modo
1918 2703 1971 2756 in

216 2778 420 2831 Ecclesia
454 2779 710 2832 Catliolica
741 2779 1017 2833 observatur
1038 2822 1051 2840 ‚
1098 2785 1150 2834 &
1187 2779 1271 2832 ubi
1304 2785 1578 2851 Conceptio
1622 2777 1873 2855 dignffma
1910 2777 1968 2841 ὅ

211 2859 381 2906 Sandia
407 2860 749 2925 pronuntiatur.
792 2859 1035 2932 Gregorius
1057 2859 1219 2909 XIII.
1245 2854 1769 2930 VarijsDiplornatibus
1793 2874 1968 2926 quam*

212 2932 347 3002 plura
374 2934 667 2985 Monasteria
700 2935 1048 3005 Conceptionis
1084 2934 1360 2987 Beatissimae
1397 2934 1605 3008 Virginis
1633 2933 1682 2983 in
1714 2931 1966 3005 Hispania,

205 3010 451 3081 Tindijsque
478 3010 697 3061 aedificari
721 3011 956 3064 concedit.

321 3086 474 3140 Sixtus
498 3092 554 3144 V.
592 3091 649 3139 In
670 3086 819 3147 Bulla,
836 3085 1104 3163 Incfftbilia,
1120 3093 1259 3155 1588.
1273 3107 1414 3143 vocat
1435 3089 1766 3172 Conceptjonem
1782 3086 1965 3163 pnrtffi.

1833 3183 1969 3217 mam
