2112 3491
749 259 1132 330 ÷(53)>l⁴

177 373 326 429 Secula
362 374 474 427 ΧΗ
551 372 883 427 Alexandrum
907 375 966 427 de
991 374 1102 428 Ales
1131 374 1377 450 integrum
1400 371 1582 427 librum
1612 373 1831 448 scripfisse

60 453 122 506 de
146 453 465 506 Immaculata
497 452 863 523 Concepdone,
885 453 1117 505 testantur
1139 452 1414 505 Gulielmus
1451 451 1741 528 Borilongus
1779 456 1830 509 in

59 550 105 595 3.
133 535 246 583 Sent.
270 529 314 581 d.
351 549 394 593 3.
432 529 695 603 Dionysius
719 528 1064 582 Carthufianus
1090 528 1286 582 ibidem.
1334 534 1544 602 Joannes
1566 530 1627 582 de
1649 531 1831 605 Celaya

62 605 220 660 eadem
246 606 531 682 distinctione.
605 607 818 660 Causam
844 606 1078 659 scribendi
1112 606 1281 661 dicunt
1322 605 1478 666 fiaiffe„
1503 606 1642 680 quod
1665 649 1678 667 ,
1712 607 1832 664 cum

62 684 311 738 calamum
335 683 933 758 strinxissetimpugnandae
958 683 1167 759 Virginis
1191 684 1698 743 innocentiae,morbo
1726 706 1831 739 cor-

62 779 220 834 reptus
242 762 409 821 fuerit5
447 762 558 814 inde
584 760 786 814 mutasse
809 762 1115 833 opinionem,
1138 760 1283 834 sec‘lue
1305 762 1492 835 Virgini
1519 762 1833 817 defendendae

62 858 185 894 voto
207 837 514 897 obstrinxisse,
539 838 813 910 recuperata
836 837 1075 893 continuo
1095 839 1304 892 sanitate.
1386 838 1688 911 Theophilus
1705 845 1833 915 Ray-

61 916 252 970 naudus
286 917 336 969 in
368 917 527 990 Opiisc'.
550 915 604 968 de
629 918 797 990 pietate
818 915 1122 992 Lugdunensi'
1141 917 1275 969 addit
1292 915 1546 975 ‚Alensem
1570 920 1833 989 quotannis

63 993 242 1050 οᾶεινέι
274 994 560 1047 Decembris
588 995 605 1062 (
635 992 734 1067 qua
754 993 832 1046 die
865 994 1261 1066 Conceptionem
1283 994 1493 1069 Virginis
1514 995 1833 1070 impugnave-

62 1077 160 1142 rat)
187 1071 367 1124 morbo
379 1090 624 1125 tentatum
648 1070 737 1124 effe
760 1113 772 1130 ‚
796 1071 956 1125 donec
980 1090 1101 1125 voto
1124 1074 1168 1125 se
1190 1072 1485 1126 adstrinxerit
1520 1071 1588 1124 illi
1619 1074 1834 1128 tuendae:

65 1153 126 1202 Et
139 1148 489 1202 Goteschaldus
513 1149 737 1202 Holenus
751 1169 867 1202 eum
879 1167 1000 1203 inter
1011 1147 1113 1203 haec
1124 1149 1269 1204 verba
1281 1148 1500 1221 expirasse
1523 1150 1684 1203 tradit:
1713 1151 1838 1203 ‘Tota

57 1224 257 1299 pulchra
280 1246 323 1279 es
340 1225 397 1290 Εἴ
418 1225 606 1279 macula
617 1247 708 1279 non
730 1227 824 1302 est
806 1247 856 1279 m
866 1243 919 1286 te,
932 1246 1010 1279 nec
1020 1226 1244 1287 venialis,
1258 1246 1335 1281 nec
1349 1226 1584 1286 mortalis,
1600 1247 1679 1280 nec
1700 1230 1838 1304 origi-

64 1302 189 1357 nalis
234 1307 419 1377 peccati.
498 1309 709 1377 Joannes
732 1305 793 1357 de
826 1304 1009 1379 Celaya
1041 1304 1212 1358 citatus
1243 1309 1296 1359 &
1319 1305 1596 1359 Gulielmus
1617 1305 1838 1359 Borilon-

65 1401 179 1456 gus,
195 1381 314 1434 illud
348 1381 624 1435 volumen
610 1404 637 1435 a
660 1382 702 1434 le
725 1381 915 1434 Tolosae
936 1381 1208 1454 perleetum
1231 1383 1362 1436 fuiffe
1385 1384 1627 1436 testantur.

180 1458 405 1512 Albertus
427 1480 635 1534 magnus
659 1459 801 1512 inlib.
815 1461 874 1512 de
898 1459 1079 1512 laudib.
1096 1460 1267 1513 Mariae
1278 1461 1417 1514 dicit:
1455 1462 1568 1512 Hac
1593 1462 1659 1513 V
1641 1481 1735 1536 rgo
1734 1459 1839 1534 sola

65 1556 100 1588 a
122 1538 354 1589 communi
385 1535 465 1589 illa
477 1536 656 1613 Regula
686 1539 947 1610 excipitur:
986 1539 1188 1590 Omnes
1170 1557 1220 1591 m
1240 1537 1411 1590 Adam
1414 1553 1740 1611 peccaverunt
1779 1544 1840 1593 Et

66 1614 119 1667 in
131 1613 291 1687 Biblijs
318 1615 547 1668 Marianis
571 1636 621 1667 1n
654 1614 978 1689 Evangelium
1000 1619 1170 1667 Lucae:
1213 1616 1279 1667 We
1303 1614 1433 1690 culpa
1466 1617 1521 1690 est
1546 1615 1734 1689 triplex,
1741 1618 1841 1688 sti-

65 1689 166 1744 licet
189 1691 471 1768 Originali's‚
488 1691 711 1744 Afflaalu
749 1691 1018 1749 Mortalis,
1032 1690 1090 1755 εἰ
1122 1692 1184 1745 V
1182 1691 1349 1753 malis
1374 1693 1476 1764 sne
1496 1695 1573 1767 isto
1601 1691 1843 1767 multiplici

67 1789 139 1822 vae
153 1770 259 1844 fuit
294 1771 355 1821 B.
376 1771 445 1823 V
429 1790 524 1845 irgo
540 1772 738 1823 Maria.
819 1769 1124 1842 Theophilus
1148 1771 1442 1844 Raynaudus
1466 1771 1644 1843 alijque
1665 1771 1843 1826 volunt

68 1845 254 1899 librum
300 1848 361 1900 de
385 1847 607 1901 laudibus
631 1852 679 1900 B.
704 1848 915 1922 Virginis
940 1868 1043 1900 non
1065 1846 1153 1900 esse
1177 1847 1360 1901 Alberti
1405 1849 1607 1933 Magni,
1645 1849 1724 1901 sed
1760 1849 1843 1901 Ri-

68 1923 236 1978 chardi
299 1947 327 1978 a
355 1930 396 1978 S.
424 1927 756 1998 Vi&ore,qu1
781 1925 945 1977 floruit
959 1924 1133 1978 Seculo
1150 1929 1227 1977 XI.
1263 1924 1364 1979 hoc
1389 1927 1455 1978 est
1488 1926 1613 1979 circa
1637 1930 1844 1982 Annum

76 2022 94 2055 1
114 2023 219 2062 130
257 2003 336 2055 Ad
359 2002 462 2062 illa,
486 2024 595 2076 quae
618 2022 675 2055 ex
699 2002 903 2056 Alberto
939 2002 1263 2079 obijciuntur,
1287 2002 1408 2058 infra
1431 2003 1842 2077 respondebimu3‚

68 2099 190 2134 cum
215 2080 276 2134 de
297 2080 511 2134 Patribus
535 2081 726 2134 mentio
748 2088 845 2134 erit.

186 2163 229 2212 S.
253 2158 633 2212 Bonaventura
622 2179 728 2217 1n3.
766 2160 1120 2214 Sententiarum
1137 2178 1218 2233 qu.
1246 2179 1281 2211 1.
1307 2156 1431 2222 ad4.
1448 2158 1846 2216 Statutauniver-

69 2233 179 2292 salis
203 2234 396 2308 Ecclcssae
406 2235 460 2289 de
491 2240 766 2288 Sanctorum
801 2235 1146 2312 Festivitatibus
1168 2240 1350 2290 omnino
1363 2237 1583 2312 fiindata
1579 2238 1701 2310 siint
1698 2241 1843 2314 sper

70 2315 395 2371 Sanditatem,
420 2328 472 2367 iit
496 2312 616 2366 nullo
637 2313 709 2366 dic
729 2329 812 2388 pro
843 2313 1000 2390 aliquo
1025 2317 1190 2367 Santio
1218 2313 1508 2387 solennizet,
1552 2317 1603 2368 in
1633 2337 1725 2392 quo
1767 2316 1850 2371 vel

64 2406 153 2465 pro
175 2411 267 2467 quo
291 2393 496 2465 Persna
522 2396 695 2444 Sancta
722 2412 811 2444 non
827 2393 1009 2467 faerit·
996 2431 1008 2453 ‚
1062 2394 1136 2445 cui
1160 2390 1301 2445 honor
1325 2391 1394 2445 ille
1413 2393 1466 2444 de
1488 2408 1626 2446 ertur.
1707 2395 1845 2449 Cum

73 2489 190 2544 ergo
211 2489 310 2543 jam
332 2471 524 2523 Festum
550 2469 882 2523 Immaculata:
910 2470 1262 2542 Conceptionis
1292 2470 1499 2524 Ecclesia
1512 2470 1742 2531 celebret,
1777 2473 1846 2526 se-

74 2548 239 2619 quitur
262 2551 309 2599 B.
333 2547 586 2622 Virginem
610 2565 830 2619 tempore
853 2550 1205 2621 Conceptionis
1238 2567 1294 2600 ex
1328 2567 1494 2601 mente
1516 2553 1558 2601 S.
1593 2553 1847 2605 Bonaven-

73 2641 190 2677 turae
215 2629 446 2677 Sanetam
478 2624 620 2678 fuiffe
702 2630 761 2679 Et
793 2646 835 2700 q.
860 2644 905 2688 >⁷
928 2625 1194 2678 Dicendum
1220 2626 1286 2699 cst,
1310 2625 1492 2697 inquit,
1522 2624 1651 2701 qubd
1668 2642 1753 2700 pro
1774 2630 1849 2681 in-

72 2699 283 2754 dubitato
294 2700 427 2755 habet
459 2702 627 2772 Eccles
620 2723 688 2759 a
715 2701 951 2755 videlicet:
967 2702 1095 2778 qubd
1106 2706 1163 2755 B.
1192 2705 1335 2778 Virgo
1343 2704 1497 2777 fuerit
1519 2723 1569 2756 m
1590 2705 1848 2777 uteroſsm-

73 2777 302 2851 Hificatm
328 2777 385 2842 (5
420 2778 537 2832 illud
553 2800 610 2832 ex
630 2800 676 2832 co
692 2796 844 2854 patet,
875 2778 1003 2855 qnod
1022 2780 1218 2858 Ecclesia
1250 2785 1345 2850 ejas
1371 2781 1708 2834 Nativitatem
1742 2782 1847 2835 cele-

76 2854 104 2907 ι’
94 2871 207 2915 rat
231 2855 360 2932 qabd
377 2878 468 2910 non
472 2859 676 2932 faceret
710 2858 799 2929 nis
823 2862 995 2911 sancia
1017 2858 1118 2930 effit.
1200 2858 1441 2911 Sententia
1458 2878 1574 2933 ergo
1596 2863 1848 2914 Bonaven-

75 2951 192 2986 turae
215 2936 281 2987 est
327 2935 524 3007 apertiff
513 2957 634 2993 ma
672 2935 920 2989 videlicet:
971 2937 1019 2988 Si
1040 2933 1209 3007 Ecclff
1185 2956 1234 2987 a
1269 2933 1459 2987 celebrat
1489 2938 1548 2987 F
1528 2937 1664 3010 stum
1688 2940 1852 2989 Conce-

68 3013 252 3084 ptionis,
289 3016 520 3085 Conceptio
541 3015 595 3088 est
627 3017 799 3065 Sandi‘a
827 3011 883 3075 εἷ
905 3011 1232 3066 Immaculata.
1313 3017 1440 3081 Qae
1476 3013 1740 3084 propositio
1784 3017 1851 3067 est

75 3108 201 3146 vera,
214 3092 437 3161 quamvis
451 3110 670 3164 tempore
709 3095 1112 3145 S.Bonaventurae
1138 3090 1360 3145 conditio
1381 3090 1629 3162 purificata
1655 3111 1758 3144 non
1780 3091 1849 3145 sit.

1245 3172 1296 3221 O
1720 3169 1853 3224 Sicut
