2112 3491
931 305 1262 373 ›1‹(0)›i‹

220 442 390 477 verum
414 420 625 481 est,nihil
650 418 783 492 aeque
810 418 964 476 famae,
978 415 1269 490 nominique
1293 421 1405 469 Tuo
1423 417 1549 488 apud
1571 417 1806 471 Mortales
1830 417 1972 470 inter-

219 499 472 558 ceffurum,
489 498 642 571 qu'am
664 497 698 549 si
725 496 850 548 solus
873 495 935 547 ab
960 500 1189 547 omnium
1213 494 1453 549 sententia,
1468 499 1518 546 ἃ
1542 495 1675 547 cultu
1700 496 1898 553 secedas²
1915 515 1970 548 ac

220 577 427 651 Virginis
449 573 784 627 Innocentiam
801 573 999 625 accuses.
1037 569 1234 623 Amabo
1251 575 1346 627 Te,
1364 570 1549 643 quanto
1573 572 1831 625 consultius
1849 570 1969 629 esset,

219 675 337 707 cum
355 652 559 706 Ecclesia
576 649 755 705 (entire,
772 648 933 723 sicc'lue
949 648 1207 701 communi
1224 669 1337 720 pace
1355 652 1406 699 δε
1424 648 1684 701 concordia
1698 649 1804 706 frui,
1817 647 1971 722 quam

220 731 381 801 aliqua
405 749 460 781 ex
483 747 611 800 parte
633 745 708 781 tot
730 726 809 779 illa
832 727 964 779 bona
987 725 1179 784 morari,
1192 745 1299 797 quae
1316 725 1535 797 alioquin
1559 725 1971 784 virtutib⁹‚&Do-

219 807 381 859 ‹ftrinae
405 810 521 858 Tuae
545 805 779 857 debentur
805 812 818 856 ?
890 809 948 856 Et
972 802 1202 855 haetenus
1225 803 1426 874 quidem
1456 803 1728 855 Auctoritas
1751 807 1970 862 Panum,

220 882 481 956 §auctique
493 881 724 935 Doctoris
741 881 955 934 excusare
976 884 1046 931 Te
1063 898 1281 951 poterant
1293 900 1305 939 3
1324 879 1396 931 his
1413 879 1545 932 enim
1568 880 1786 953 praefidijs
1807 884 1971 933 Tuam

217 961 412 1014 causam
435 959 695 1034 purgabas5
719 977 766 1010 at
790 957 890 1010 haec
915 955 1116 1029 quoc'lue
1133 956 1407 1009 exciderunt
1428 997 1440 1014 ‚
1473 959 1571 1029 ⁴Jam
1593 958 1725 1010 enim
1750 956 1860 1009 Sole
1876 956 1969 1009 cla-

220 1038 315 1090 rius
338 1037 659 1095 ostendemus,
672 1055 760 1088 nec
784 1040 950 1093 Patres,
967 1054 1056 1086 nec
1080 1033 1370 1108 Angelicum
1394 1038 1668 1087 Doctorem
1693 1033 1720 1087 a
1746 1038 1816 1086 Te
1840 1035 1968 1086 stare.

219 1115 346 1185 Qis
371 1114 502 1166 enirn
528 1113 682 1187 magis
703 1117 897 1164 Parrum
917 1111 1168 1164 sententias
1191 1130 1452 1169 veneratur,
1476 1115 1529 1164 &
1552 1112 1783 1184 sequitur,
1817 1109 1972 1184 quam

217 1191 424 1244 Ecclesia
449 1187 1051 1260 Catholica,RomaniqUe
1076 1188 1353 1241 Pontifices?
1381 1192 1433 1240 &
1455 1187 1507 1240 hi
1532 1206 1697 1241 tamen
1718 1189 1972 1264 Virginem

216 1269 433 1321 nostram
448 1267 674 1342 originali
686 1284 890 1338 peccato
907 1265 1106 1318 liberam
1124 1263 1310 1323 volunt,
1322 1264 1580 1338 palamQue
1597 1265 1839 1318 Illibatam
1860 1285 1972 1336 pro-

216 1346 466 1404 nuntiant·³
490 1365 593 1397 non
610 1364 724 1418 ergo
742 1344 962 1399 credunt,
974 1342 1182 1416 Virginis
1200 1342 1563 1395 immunitatem
1578 1347 1772 1395 Patrum
1788 1345 1973 1394 senten-

217 1424 293 1495 tijs
317 1422 515 1475 obstare.
553 1427 611 1475 Et
634 1421 753 1494 quid
770 1426 963 1473 Parrum
989 1418 1228 1493 suffragia,
1252 1423 1302 1472 ὃ(
1326 1424 1529 1472 Decreta
1553 1423 1602 1471 in
1626 1439 1679 1472 ea
1696 1419 1837 1473 causa
1859 1439 1971 1490 pro-

217 1499 367 1555 ducis,
381 1519 533 1571 quam
545 1503 698 1551 Patres
722 1497 873 1555 ultro,
900 1495 1119 1569 citroque
1143 1496 1314 1549 auditis
1335 1496 1564 1549 rationib⁹
1587 1516 1843 1568 nunquam
1866 1516 1973 1548 exa-

215 1573 751 1647 minarunssmultoc'lue
775 1573 938 1627 minus
958 1572 1268 1626 deciderunt?
1293 1593 1381 1625 nec
1404 1575 1537 1625 enim
1562 1573 1654 1626 dici
1677 1572 1866 1644 possunt
1889 1573 1970 1625 de-

216 1655 325 1709 cisa,
340 1673 447 1725 quae
471 1672 728 1724 nunquam
750 1650 956 1703 discussa.
996 1651 1086 1703 Sed
1110 1654 1163 1702 ἅ
1186 1650 1417 1702 omnium
1433 1653 1625 1703 Patrum
1643 1650 1844 1702 nomine
1861 1669 1971 1720 pro-

215 1729 354 1783 fessus
378 1731 444 1782 est
467 1730 782 1803 Augustinus:
819 1728 1010 1804 Qoties
1030 1727 1083 1779 de
1098 1730 1293 1799 peccatis
1314 1728 1493 1801 agitur,
1515 1725 1692 1779 nullam
1705 1727 1893 1799 proffm
1917 1725 1971 1777 de

216 1809 274 1859 B.
291 1809 479 1882 Virgine
500 1808 771 1881 quastionem
793 1803 953 1857 haberi
974 1803 1107 1862 velle,
1121 1824 1214 1878 quae
1230 1807 1347 1856 vicit
1361 1806 1485 1855 omni
1500 1824 1557 1855 ex
1569 1818 1705 1876 parte
1716 1818 1967 1875 peccatum.

217 1885 263 1937 Si
296 1903 412 1958 ergo
445 1884 738 1957 Augustinus
772 1902 832 1933 ne
867 1882 1068 1953 quidem
1101 1882 1160 1933 de
1194 1900 1392 1952 peccato
1426 1881 1633 1954 Virginis
1666 1880 1812 1952 quaeri
1836 1880 1968 1939 vult,

215 1960 403 2034 quanto
427 1959 588 2013 minus
612 1960 892 2012 sententiam
914 1958 1034 2011 dici?
1072 1962 1258 2032 Magna
1281 1958 1347 2010 est
1371 1957 1597 2028 injuria‚s1
1614 1957 1673 2010 de
1689 1957 1970 2013 honesta,&

218 2038 391 2110 pudica
415 2055 664 2109 quaeratur,
680 2036 817 2108 anfit
840 2039 1089 2108 corrupta?
1121 2054 1168 2087 at
1192 2033 1352 2087 multo
1376 2037 1534 2106 major
1557 2034 1616 2086 de
1640 2034 1835 2109 Virgine
1859 2054 1970 2092 om-

217 2116 358 2168 nium
379 2113 619 2186 purissima
642 2133 863 2185 quaerere²
876 2133 938 2166 an
959 2113 1014 2165 fit
1031 2112 1292 2183 peccatrix?
1330 2115 1388 2163 Et
1412 2114 1489 2162 Tu
1505 2128 1669 2163 tamen
1690 2151 1702 2169 ‚
1724 2130 1840 2182 pace
1863 2110 1971 2166 Tua

217 2192 432 2249 dixerim,
449 2190 588 2244 citat-fi
612 2191 671 2243 ad
699 2190 931 2242 Tribunal
955 2194 1122 2241 Tuum
1139 2187 1268 2240 Coeli
1292 2185 1497 2261 Regina,
1521 2190 1619 2259 jam
1642 2188 1758 2258 saepe
1788 2187 1970 2241 decidi-

215 2269 286 2327 sti,
299 2268 435 2341 quod
459 2268 752 2341 Augustinus
775 2287 835 2318 ne
859 2266 1005 2337 quaeri
1031 2265 1232 2337 quidem
1254 2264 1420 2318 voluit.
1500 2268 1678 2322 Taceo,
1692 2268 1845 2317 Patres
1866 2285 1969 2318 non

218 2347 277 2398 de
302 2364 541 2416 conceptu
559 2343 852 2400 Animae,sed
866 2343 1098 2413 Corporis
1119 2341 1270 2413 loqui,
1283 2340 1399 2393 cum
1420 2340 1612 2399 dicunt,
1636 2340 1783 2411 excipi
1808 2341 1969 2395 solum

217 2422 468 2475 Christum
492 2420 552 2474 ab
576 2419 654 2472 illa
680 2419 906 2472 sententia
931 2444 939 2470 ;
987 2420 1052 2471 Et
1074 2420 1122 2470 in
1135 2421 1330 2490 peccate}
1353 2420 1540 2489 concepit
1561 2437 1632 2482 me
1655 2418 1831 2468 Mzter
1852 2437 1967 2470 mea.

217 2498 360 2552 Nihil
382 2519 497 2574 ergo
521 2502 590 2549 Te
613 2501 765 2549 Patres
790 2501 980 2569 juvant,
1007 2515 1223 2568 quorum
1245 2514 1410 2549 tamen
1433 2492 1657 2567 suffiagijs
1682 2493 1968 2565 opinionem

216 2579 381 2629 Tuam
406 2574 660 2647 praesertim
685 2573 963 2626 adornabas.

328 2658 604 2705 Doctorem
627 2650 919 2724 Angelicum
941 2650 1076 2721 quod
1103 2649 1292 2707 attinet,
1317 2667 1417 2700 tam
1442 2647 1627 2700 clarum
1650 2648 1737 2705 est,
1760 2666 1815 2699 ex
1842 2646 1967 2700 illius

214 2730 450 2801 principijs
473 2727 849 2780 Immaculatam
872 2727 1262 2798 Conceptionem
1284 2724 1475 2796 probari
1496 2766 1508 2784 ‚
1546 2744 1599 2777 ut
1638 2722 1757 2776 nihil
1784 2725 1965 2798 magi55

215 2806 295 2858 ille
318 2806 450 2858 enirn
473 2806 617 2857 docet
643 2829 652 2856 ε
689 2803 932 2876 Ecclesiam
954 2824 1043 2856 non
1077 2801 1291 2855 celebrare
1313 2803 1486 2876 ststnm
1507 2802 1595 2872 msl
1612 2801 1665 2852 de
1690 2803 1874 2859 Sanam
1910 2805 1964 2854 &

216 2883 328 2935 ideo
345 2887 540 2935 Beatam
556 2881 809 2955 Virginem
835 2880 1015 2952 absque
1039 2898 1235 2951 peccato
1263 2878 1482 2952 originali
1504 2878 1591 2930 effe
1617 2896 1794 2930 natam.
1874 2878 1964 2930 Ec,

217 2958 338 3030 clefiae
380 2979 459 3011 con
478 2957 735 3011 uetudinem
778 2959 978 3031 praestarc
1022 2960 1226 3009 omnium
1258 2958 1467 3007 Patrum
1499 2955 1775 3007 audiaritati.
1858 2956 1966 3006 Cre-

217 3035 417 3088 dendum
442 3035 510 3107 ‘ff
531 3076 542 3094 ‚
576 3037 725 3086 Beatae
752 3035 935 3109 Virgini
954 3049 1140 3086 tantum
1154 3035 1313 3108 gratiae
1335 3030 1683 3106 collatnmfistffi
1698 3071 1709 3088 ‚
1731 3030 1965 3104 quamnim

217 3114 407 3189 conferri
423 3115 579 3190 potuit·
615 3112 753 3166 DEI
758 3112 982 3164 [Matrem
997 3111 1262 3184 eaipnritate
1276 3112 1427 3169 nitere,
1439 3107 1538 3183 qud
1551 3105 1798 3182 majorfhb
1812 3108 1963 3160 DEO

1845 3200 1965 3259 repe-
