2112 3491
909 270 1254 340 ÷(8)>¹1'‹

194 392 413 451 stillima5
439 395 548 444 Nec
576 386 1012 443 innocentissimus,
1037 384 1122 456 qui
1149 382 1294 436 semel
1327 382 1563 455 deliquit,
1600 381 1838 456 tantoque
1860 383 1953 436 mia

194 470 301 527 nus,
325 470 358 523 fi
386 470 569 523 crimen
591 466 647 518 sit
671 464 784 517 laesae
811 462 1087 536 Majestatis,
1106 465 1159 514 &
1185 479 1343 513 morte
1368 460 1589 534 dignum,
1602 461 1744 532 quale
1762 461 1827 513 est
1843 482 1952 531 pec„

189 567 360 602 catum
385 543 646 620 Originale.
748 545 862 594 Hoc
898 540 931 592 fi
969 539 1122 613 Virgo
1150 538 1385 591 contraxit
1408 578 1420 595 ,
1458 537 1552 589 dici
1575 538 1634 590 de
1662 538 1741 591 illa
1763 538 1954 610 poterit,

189 626 331 697 quod
357 624 480 677 olim
511 618 604 673 fere
628 618 863 671 fimilibus
886 617 1041 672 verbis
1069 622 1246 668 Seneca
1263 616 1323 667 de
1340 614 1614 667 Alexandro
1636 613 1952 667 l.6.Natnral.

189 703 297 754 Hoc
319 702 371 774 cst
392 700 577 750 Mam
599 698 769 750 crimen
789 711 1025 751 aeternam,
1048 693 1175 769 qnod
1190 690 1318 746 nulla
1344 695 1529 748 virtm,
1546 690 1673 743 nalla
1695 695 1821 766 copia
1836 713 1954 767 gra-

192 781 372 832 tiarnm
399 775 596 829 redimet.
676 775 821 826 Nam
841 776 1013 849 quoties
1033 775 1139 847 qais
1159 770 1356 822 dixerit:
1370 771 1541 843 peperit
1556 771 1744 830 Deam3
1770 785 1953 843 oppone-

191 871 271 909 των
293 892 307 912 ,
328 853 420 927 fid
438 852 495 916 Εἴ
516 867 729 925 corrupta
753 853 807 926 est
836 889 850 908 2
889 848 946 914 ξς
966 865 1061 902 tota
1087 851 1136 901 in
1163 851 1361 922 peccatis
1381 862 1585 920 concepta
1605 884 1620 904 ,
1658 867 1715 899 ac
1729 845 1840 919 filia
1866 849 1952 901 irae.

189 932 360 987 Alium
383 932 553 985 locum
580 936 620 982 S.
638 928 849 982 Thomae
877 929 927 981 in
956 947 999 991 3.
1009 943 1055 1000 p.
1079 946 1121 1002 q.
1134 947 1211 990 27.
1225 946 1268 977 a.
1281 946 1321 976 2.
1340 945 1460 978 mox
1486 926 1823 999 adjungemus.

302 1014 407 1064 VII.
489 1005 690 1081 Septimb.
794 1004 1022 1079 Denique
1047 1003 1256 1057 celebres
1288 1023 1345 1056 ex
1377 1002 1546 1056 ordine
1579 1002 1955 1055 Praedicatorum

188 1087 436 1161 Theologi
459 1086 666 1139 fatentur
692 1082 1002 1137 S.Thomam
1032 1102 1120 1154 pro
1138 1079 1459 1135 Immaculata
1482 1080 1835 1153 Conceptione‚
1850 1100 1955 1131 non

186 1184 357 1219 contra
387 1163 547 1222 illam,
579 1160 806 1234 scripfiffe.
897 1166 1107 1234 Joannes
1128 1159 1436 1213 Bromiardus
1462 1158 1513 1210 in
1544 1162 1740 1211 Samma
1776 1149 1957 1209 Praedi-

188 1244 410 1300 cantiam,
427 1238 566 1294 Verbo
582 1262 596 1290 .·
634 1241 822 1291 Maria
845 1241 944 1291 Art.
967 1260 1007 1290 2.
1025 1258 1161 1290 num.
1190 1258 1259 1290 10.
1296 1239 1354 1290 B.
1372 1237 1529 1310 Virgo,
1543 1235 1715 1308 inquit,
1712 1236 1819 1308 fnit
1841 1249 1955 1286 caete-

188 1324 254 1372 ris
263 1317 529 1395 specialim,
565 1316 623 1380 Εἴ
648 1313 916 1369 eminentias
936 1313 1262 1387 Sandtificata3
1287 1334 1402 1366 nam
1428 1316 1469 1364 S
1490 1311 1701 1364 ‘Thomas
1723 1312 1883 1364 Tertia
1908 1332 1955 1383 p.

185 1417 233 1470 q.
257 1419 277 1449 2
291 1419 331 1454 7.
345 1419 384 1450 a.
408 1420 448 1448 2.
460 1398 589 1469 ponit
619 1399 714 1466 ejm
737 1392 1113 1466 LS'anffl'ificationis
1135 1390 1464 1446 excellentiam,
1500 1386 1736 1465 quantam
1755 1388 1826 1440 ad
1842 1404 1955 1441 tem-

175 1478 305 1547 poris
317 1476 611 1547 prioritatem
632 1475 681 1524 in
705 1471 808 1528 hoc,
829 1469 958 1547 qabd
974 1469 1379 1543 Sandiificatafhit
1404 1470 1454 1520 in
1469 1471 1564 1539 ejus
1589 1468 1886 1523 animatione,
1905 1464 1960 1519 id

186 1553 265 1626 ‘st’
287 1554 336 1603 in
359 1552 661 1622 conjane'tione
682 1552 845 1601 anima
871 1570 975 1601 cnm
999 1564 1200 1620 corpore,
1221 1567 1311 1600 non
1330 1561 1448 1598 ante.

300 1629 446 1683 Vides
474 1628 592 1700 quid
620 1627 679 1680 de
704 1632 745 1679 S.
760 1626 960 1678 Thoma
983 1625 1293 1678 Bromiardus
1316 1623 1510 1683 scribat,
1528 1627 1581 1677 &
1598 1625 1696 1695 ejus
1731 1640 1954 1694 tempore

187 1706 382 1774 (floruit
407 1706 530 1759 circa
554 1708 760 1756 Annum
784 1709 943 1774 1260.)
972 1701 1119 1777 longe
1147 1702 1280 1755 aliter
1303 1701 1447 1756 verba
1470 1743 1482 1761 ,
1518 1706 1571 1755 ὃς
1595 1699 1881 1753 sententiam
1910 1704 1953 1751 S.

183 1783 398 1836 Thomae
420 1825 432 1842 ‚
482 1781 637 1855 quam
665 1784 715 1833 in
753 1781 997 1834 hodiernis
1020 1780 1314 1833 editionibus
1338 1778 1552 1836 sonuisse,
1578 1779 1708 1831 unde
1740 1776 1954 1849 sequitur

181 1879 409 1932 *corrupta
440 1859 553 1918 effe-2
579 1858 726 1931 idque
752 1857 924 1911 certius
951 1879 1006 1911 ex
1031 1878 1091 1910 eo
1119 1858 1460 1914 confirmatur,
1489 1854 1627 1928 quod
1651 1854 1855 1908 citatum
1880 1853 1953 1905 lo-

184 1959 302 1991 cum
329 1944 370 1990 S.
384 1936 594 1989 Thomae
619 1936 668 1988 in
690 1955 732 1999 9⁷.
748 1951 793 2008 p.
812 1956 854 2010 q.
872 1956 948 1999 27.
962 1956 1004 1986 a.
1018 1956 1058 1984 2.
1098 1935 1276 1986 eodem
1308 1934 1467 1985 modo
1490 1932 1655 2006 legerit
1684 1937 1724 1984 S.
1740 1931 1951 1983 Vincen-

183 2015 276 2068 tius
300 2014 529 2067 Ferrerius
554 2014 604 2065 in
628 2013 886 2084 exemplari
913 2018 1128 2065 Summa:
1147 2017 1186 2064 S.
1225 2009 1435 2062 Thomae
1457 2007 1642 2082 adjecta
1666 2028 1818 2060 manu
1841 2028 1951 2079 pro-

183 2092 283 2164 pria
309 2094 369 2144 ad
393 2091 667 2166 marginem
691 2089 782 2142 hac
811 2089 1114 2161 inscriptione
1138 2113 1146 2140 ε
1198 2089 1255 2139 Β.
1277 2088 1533 2160 Virgofait
1554 2088 1776 2137 immanis
1797 2083 1830 2136 d
1848 2100 1952 2157 pec-

183 2185 284 2221 cato
307 2168 570 2245 Originali,
599 2166 655 2230 [ὅ
678 2166 865 2219 aestuati.
926 2172 1002 2220 De
1030 2187 1126 2238 qua
1154 2171 1195 2217 S.
1214 2163 1454 2236 Vincentij
1483 2163 1694 2216 lectione
1718 2162 1855 2234 plura
1880 2162 1950 2217 vi-

183 2246 409 2299 debimus
433 2245 740 2317 sequentibus
762 2243 1079 2318 Paragraphis.

298 2328 343 2375 P.
371 2324 604 2397 Magister
635 2323 811 2393 Caspar
855 2320 1058 2373 Catalan
1086 2320 1145 2372 de
1168 2318 1439 2372 Monzonis
1474 2317 1654 2371 electus
1688 2318 1947 2389 Episcopus

182 2401 452 2459 Ilerdenfis,
493 2398 689 2471 epistola
716 2399 777 2451 ad
800 2397 1105 2451 Michaelem
1127 2398 1186 2450 de
1199 2402 1400 2449 Lanuza
1422 2396 1651 2468 Equitem
1676 2395 1875 2448 Ordinis
1905 2400 1946 2447 S.

182 2478 353 2551 Jacobi
379 2476 405 2531 a
431 2477 654 2550 Consilijs
679 2476 821 2551 Regis
847 2474 1092 2528 Catholici
1117 2516 1129 2533 ‚
1167 2472 1364 2548 ejusque
1389 2473 1437 2524 in
1460 2477 1634 2547 Regno
1668 2471 1948 2546 Arragoniae

182 2555 579 2609 Protonotarium
626 2557 773 2606 Anno
798 2559 927 2618 1651.
967 2552 1198 2606 Valentiae
1230 2550 1340 2604 data
1362 2592 1373 2609 ‚
1412 2554 1546 2623 cujus
1580 2549 1809 2602 initium:
1847 2550 1947 2600 Me

172 2637 532 2706 percandt'atnr:
575 2632 639 2684 ita
662 2630 841 2684 scribit:
893 2631 992 2681 Me
1022 2632 1350 2702 percnndtatar
1370 2628 1646 2679 Dominatio
1680 2641 1869 2682 tua2an
1902 2630 1944 2677 S.

184 2709 396 2762 Thomas
411 2712 460 2762 in
472 2709 636 2784 aliqua
653 2724 790 2783 parte
799 2708 884 2780 fni
909 2712 1048 2780 operis
1073 2707 1223 2759 docuit
1237 2704 1552 2781 Beatiffimam
1573 2706 1809 2779 Virginem
1808 2702 1945 2777 faffl

173 2788 507 2861 prastrvatam
527 2785 559 2837 d
582 2801 763 2859 peccato
786 2783 1056 2860 Originali?
1092 2782 1363 2859 Rffondw,
1391 2781 1612 2858 qaodslc:
1644 2801 1700 2833 ac
1718 2778 1874 2852 primi)
1895 2782 1945 2832 in

182 2865 308 2918 libro
341 2887 376 2916 1.
404 2871 610 2917 Sentent.
636 2865 680 2915 d.
704 2886 771 2924 44
775 2905 926 2915 .....
968 2860 1100 2913 <Dilis
1113 2863 1218 2935 fait
1233 2858 1402 2932 so'latio
1421 2858 1631 2933 Angelici
1651 2860 1877 2915 Dotioru'z
1895 2859 1944 2909 in

181 2963 280 3017 qna
307 2940 503 3015 exprcfie
527 2961 584 2993 ac
605 2940 838 2993 evidenter
857 2939 1078 3017 affirmat,
1095 2941 1151 2990 B.
1170 2940 1407 3012 Virginem
1416 3006 1425 3010 ‚
1426 2935 1551 3009 fiiff
1560 2936 1890 3008 prastrvatam
1910 2932 1943 2985 d

173 3034 355 3092 peccato
382 3017 615 3094 Originali
617 3059 734 3068 .....
774 3020 849 3070 Ita
875 3016 1030 3070 minas
1050 3014 1361 3068 dubitandam
1377 3017 1430 3089 est
1452 3019 1492 3065 5
1510 3012 1748 3065 ‘Thomam
1765 3028 1848 3084 per
1862 3010 1942 3063 illa

182 3095 330 3150 verba
343 3119 357 3149 .·
379 3099 487 3151 Fmt
515 3098 737 3152 immanis
757 3094 790 3148 a
815 3110 997 3169 peceato
1020 3092 1266 3169 Originali,
1279 3090 1515 3170 affirmdſje
1545 3092 1642 3145 Dei
1668 3092 1943 3144 Genitricem

1867 3183 1944 3218 nec
