2112 3491
904 277 1285 346 >1⁴(28)>1<

211 395 431 467 remedijs
456 393 554 446 fieri
579 394 756 465 potest,
780 408 835 445 ut
850 411 954 444 non
970 390 1148 448 doleas,
1162 390 1425 461 postquam
1449 389 1669 442 doluisti?
1709 393 1834 442 Non
1858 409 1976 465 ergo

210 473 370 544 potuit
395 477 436 524 S
451 471 704 524 Thomas
695 489 757 522 ita
781 468 1127 544 argumentari·
1178 469 1235 518 B.
1265 467 1464 541 Vtrgosl
1480 468 1533 540 est
1555 489 1588 518 11
1610 481 1791 540 peccato
1819 469 1977 542 Origi-

211 549 310 603 nalz'
323 551 457 623 praes
456 569 488 600 r
486 564 640 606 vam,
678 567 776 621 ergo
799 567 887 598 non
895 546 956 631 est
977 544 1261 616 Redempta.
1255 548 1278 582 Ρ
1314 543 1426 596 Imo
1457 544 1618 614 potius
1646 564 1702 597 ex
1735 545 1974 618 principijs

212 649 240 681 a
265 629 309 680 se
332 627 516 699 positis,
544 645 600 677 ac
621 623 738 695 saepe
761 642 967 695 repet1t1s
983 659 997 679 ‚
1030 620 1356 696 argumentari
1380 621 1444 673 ita
1469 621 1657 673 debuit:
1695 624 1753 672 B.
1782 622 1983 697 Virgost

215 707 270 779 est
283 703 596 777 prastmata,
631 703 838 777 ergofm't
861 699 1115 772 redempta,
1151 697 1269 752 cum
1294 699 1592 752 Praeservatio
1622 699 1677 751 s1t
1703 700 1875 771 species
1905 720 1979 753 re-

212 780 531 853 demptionis,
563 779 648 832 ubi
670 798 836 832 autem
859 779 923 831 est
950 777 1136 849 species,
1153 775 1250 828 illic
1274 777 1339 828 est
1364 780 1416 829 &
1438 796 1620 862 genus,
1651 776 1768 829 sicut
1798 777 1884 830 ubi
1911 780 1979 831 est

213 879 391 930 equuS,
429 856 527 910 illic
553 858 618 910 est
642 855 834 910 animal.
915 854 1026 908 Imo
1053 854 1154 908 haec
1177 855 1535 928 argumentatio
1559 858 1619 905 D.
1636 852 1847 908 shomae
1870 854 1980 910 effet

213 936 299 989 fibi
324 955 618 1009 repugnans,
642 933 759 989 cum
783 933 929 992 enirn,
954 951 1008 986 ut
1039 932 1172 1003 supra
1195 931 1436 990 vidimus,
1474 932 1772 985 Praeservatio
1793 932 1848 985 fit
1878 934 1980 1004 spe·

214 1014 308 1068 cies
332 1012 675 1085 perfectillimae
711 1009 1113 1082 Redemptionis‚
1152 1009 1524 1083 Argumentatio
1549 1013 1607 1061 D.
1636 1008 1847 1062 Thomae
1870 1009 1980 1065 effet

215 1093 321 1144 ista:
359 1092 418 1141 B.
447 1091 588 1164 Vzrgo
593 1090 647 1162 st
663 1090 717 1163 est
730 1089 1037 1161 prastrvata,
1062 1087 1115 1162 cst
1143 1085 1379 1163 perfifft'zff
1374 1108 1446 1138 me
1467 1085 1721 1161 Redempta
1736 1123 1750 1143 ‚
1777 1106 1875 1162 ergo
1889 1108 1980 1141 11011

214 1170 267 1244 ‹st
288 1166 489 1240 Redemp
491 1181 553 1218 111.
634 1166 831 1219 Perinde
865 1185 920 1218 ac
953 1165 986 1217 s1
1011 1165 1175 1216 dicas:
1222 1164 1344 1239 Ignis
1374 1165 1428 1240 est
1449 1163 1686 1240 perfhcfitſj'
1680 1185 1753 1216 me
1773 1163 1977 1225 calidus,

214 1266 313 1321 ergo
332 1247 449 1320 ignis
473 1265 564 1296 non
585 1245 639 1332 cst
659 1241 848 1296 calidus.
945 1242 1081 1295 Cum
1105 1262 1221 1316 ergo
1244 1241 1347 1294 haec
1371 1260 1728 1316 argumentatlo
1763 1262 1867 1294 non
1903 1244 1980 1296 so·-

213 1322 322 1376 lum
343 1328 604 1376 communi
626 1326 849 1379 Patrum,
858 1318 1205 1405 omniumque
1228 1317 1496 1372 hominum
1518 1319 1692 1375 sensui,
1723 1319 1802 1371 sed
1829 1320 1979 1374 etiam

213 1401 356 1472 ipsius
381 1406 422 1453 S
450 1399 682 1452 Do&oris
719 1398 958 1470 principijs
992 1415 1257 1471 repugnet,
1310 1397 1519 1469 sequitur
1541 1394 1681 1448 nullo
1704 1397 1862 1449 modo
1889 1397 1980 1452 esse

214 1484 274 1531 D.
300 1477 533 1535 Thomae,
558 1478 636 1529 sed
660 1476 727 1528 illi
752 1475 1055 1547 suppofitam.
1171 1473 1283 1526 Imo
1308 1494 1363 1526 ex
1385 1473 1528 1526 titulo
1551 1474 1865 1544 redemptoris
1890 1496 1978 1547 po-

214 1555 332 1612 tius,
369 1559 420 1608 &
454 1554 708 1607 efficaciter
739 1554 952 1627 arguitur
994 1572 1084 1624 pro
1122 1550 1444 1604 Immaculata
1479 1552 1855 1622 Conceptione5
1907 1557 1979 1606 Ut

213 1634 347 1686 enim
369 1631 587 1685 Christus
608 1631 664 1684 sit
687 1630 1048 1702 perfeetiffimus
1074 1630 1395 1700 Redemptor,
1409 1646 1624 1700 oportet,
1641 1647 1696 1682 ut
1712 1649 1885 1682 omnes
1908 1649 1978 1682 re-

213 1710 512 1782 demptionis
544 1709 724 1761 modos
759 1707 1048 1779 expleverits
1086 1708 1221 1779 atqui
1252 1706 1586 1778 perfectissima
1618 1707 1889 1778 redemptio
1911 1708 1979 1760 est

215 1789 291 1841 illa
314 1830 326 1847 ,
366 1807 473 1860 quae
505 1787 749 1858 praeservat
772 1785 833 1838 ab
857 1785 994 1837 omni
1020 1784 1155 1836 malo
1177 1826 1188 1843 ,
1237 1784 1454 1855 oportuit
1493 1803 1608 1857 ergo
1640 1783 1727 1836 effe
1759 1784 1978 1856 aliquam

214 1870 500 1918 Creaturam
524 1905 536 1923 ,
580 1884 687 1936 quae
714 1864 777 1915 ita
804 1863 1076 1934 praeservata
1110 1861 1259 1915 fuerit.
1341 1865 1589 1932 Qaenam
1613 1880 1778 1913 autem
1802 1861 1905 1921 illa,
1943 1863 1979 1914 fi

212 1964 314 1997 non
346 1942 436 1995 fuit
469 1946 516 1993 B.
542 1946 721 2016 Virgo?
767 1959 850 1993 aut
883 1939 1147 2012 quomodo
1187 1941 1463 2011 praeservata
1494 1937 1556 1990 ab
1581 1939 1721 1991 omni
1746 1939 1904 1999 malo,
1941 1939 1977 1992 fi

211 2041 316 2074 non
337 2019 363 2072 a
386 2037 587 2091 peccato
611 2017 877 2092 Originali?

324 2099 477 2150 Dices.
559 2095 758 2148 Nulla
748 2115 797 2147 111
839 2094 1086 2166 Scripturis
1119 2093 1306 2146 mentio
1340 2093 1706 2178 Redemptionis
1727 2129 1741 2150 ,
1779 2113 1888 2166 quae
1920 2093 1979 2148 fit

210 2196 341 2228 mere
359 2174 722 2248 prafi'rvativas
749 2172 922 2225 nullibi
947 2192 1079 2224 enirn
1102 2171 1151 2223 in
1175 2170 1322 2223 Sacris
1343 2170 1526 2245 paginis
1551 2170 1764 2245 legitur,
1803 2171 1977 2225 veniss'e

212 2252 489 2307 Christum,
514 2270 566 2304 ut
590 2272 616 2303 a
639 2269 839 2322 peccato
867 2249 1091 2301 homines
1118 2248 1440 2320 praeservarets
1474 2248 1552 2300 sed
1574 2266 1769 2306 tanturn
1792 2268 1845 2302 ut
1866 2269 1977 2322 pec-

212 2330 326 2383 catis
349 2332 448 2401 jam
471 2327 710 2381 commiss
698 2349 734 2379 5
757 2325 1026 2380 exsolveret.

325 2405 449 2480 Resp.
530 2403 687 2474 Qod
712 2405 949 2475 Scriptura
979 2423 1082 2456 non
1115 2403 1242 2455 dicat
1265 2402 1511 2474 expressis,
1550 2401 1782 2475 clarisque
1805 2402 1980 2461 verbis,

211 2484 305 2537 Dei
329 2489 546 2536 Matrem
569 2482 897 2554 praeservatam
920 2480 1031 2537 effes
1071 2481 1119 2532 id
1143 2479 1303 2533 solum
1326 2480 1605 2538 convincit,
1641 2479 1738 2534 hoc
1767 2481 1914 2554 Virgi
1905 2481 1977 2534 iis

212 2561 519 2636 privilegium
540 2560 601 2613 ad
625 2559 912 2634 Religionis,
936 2558 1162 2632 Fideiq'ue
1185 2559 1418 2632 dogmata
1442 2577 1543 2609 non
1565 2558 1819 2628 pertinere·
1843 2578 1978 2612 nune

210 2638 327 2693 vero
350 2660 454 2691 non
480 2637 563 2691 id
549 2659 577 2690 a
599 2637 741 2690 nobis
763 2636 1024 2710 quaeritur,
1048 2637 1167 2709 quid
1190 2636 1377 2689 credere
1401 2633 1723 2694 Christianos,
1761 2636 1839 2687 sed
1856 2635 1977 2708 quid

211 2716 377 2770 sentire
400 2734 647 2788 oporteat,
671 2735 775 2766 non
799 2714 918 2786 quid
942 2714 1082 2773 fides,
1107 2713 1184 2766 sed
1208 2713 1327 2785 quid
1352 2712 1475 2765 ratio
1497 2712 1729 2784 postulet,
1741 2731 1830 2765 nec
1855 2712 1976 2784 quid

212 2793 503 2849 revelatum,
516 2794 594 2846 sed
611 2792 730 2865 quid
754 2810 942 2845 certum
965 2792 1053 2850 sit,
1100 2811 1254 2863 quam
1278 2790 1410 2842 enirn
1439 2789 1594 2842 multa
1621 2807 1783 2861 praeter
1810 2789 1977 2848 fidem,

212 2891 320 2944 quae
344 2869 602 2923 certissimo
626 2871 877 2928 constant,
904 2888 1111 2941 quaeque
1145 2888 1321 2920 nemo
1368 2867 1454 2918 nifi
1488 2866 1976 2923 dementissimus,ne-

210 2968 321 3023 gare
346 2947 519 3019 possit?
598 2945 782 2998 Deinde
810 2946 844 2997 si
882 2945 1003 2998 nihil
1051 2945 1216 3001 aliud,
1251 2965 1405 3016 quam
1444 2943 1493 2995 in
1528 2944 1675 2998 Sacris
1715 2943 1870 2996 Libris
1898 2964 1977 2997 exa

212 3024 354 3098 pressa
379 3025 438 3077 de
464 3024 660 3098 Virgine
684 3024 872 3076 credere
897 3023 1037 3077 velis·
1028 3059 1042 3081 ,
1088 3023 1208 3095 quid
1231 3023 1290 3073 de
1318 3021 1640 3074 immaculato
1671 3021 1811 3092 ipsius
1837 3040 1977 3080 ortu,

212 3103 331 3176 quid
363 3102 424 3155 de
467 3101 606 3155 illaera
640 3101 789 3155 etiam
813 3102 919 3173 post
945 3118 1141 3172 partum
1186 3099 1469 3173 Virginitate
1490 3135 1505 3154 ,
1554 3099 1675 3171 quid
1707 3099 1766 3152 de
1802 3098 1982 3152 romitev

1899 3195 1977 3229 ex-

2108 531 2112 551 l
