2112 3491
904 295 1283 368 ÷(6⁶)›1‹

215 415 315 471 crbs
336 414 674 469 Dei-Parentis
697 410 790 465 dies
812 409 1254 489 commendatifflmos
1281 408 1790 474 habuit3Immaculatae
1813 427 1969 467 tamen·

216 494 495 568 Conceptiom'
526 490 647 545 diem
675 489 880 542 dicatam
893 487 1203 563 fingularidss
1232 488 1286 541 id
1293 503 1499 561 propter,
1532 489 1585 552 (5
1617 493 1735 544 inter
1756 490 1968 543 mortales

217 591 354 648 agens
373 569 434 623 ab
455 568 611 621 eadem
640 567 828 642 Wrgine
848 564 1006 619 multra*
1033 570 1202 641 gratq's
1223 564 1618 640 cumulatmfuit‚
1641 566 1698 630 Εἴ
1718 568 1971 644 postfnnm

212 651 266 704 in
290 645 504 702 membris
529 647 623 716 ejm
648 642 898 721 Purzffimae
921 644 1220 714 Conceptionis
1245 646 1339 713 ejm
1360 645 1510 718 imago
1531 645 1638 716 φξβ
1667 647 1733 720 cst.

328 727 455 779 VIII.
527 719 729 799 Septimb.
801 722 944 773 Anno
968 724 1105 786 1585.
1143 718 1277 773 Cum
1302 722 1538 793 Hispanus
1563 722 1790 776 exercitus
1821 727 1975 776 Bom-

213 800 372 859 meliae
388 800 508 854 inter
544 798 740 872 paludes
763 801 817 852 &
840 797 1086 853 eluviones
1109 796 1171 850 ab
1197 796 1415 850 hostibus
1436 797 1740 858 obsideretur,
1758 803 1925 872 &jam
1943 799 1974 855 ἒι

214 880 371 937 fame,
394 877 593 953 frigore,
617 874 1015 929 inundationibus
1036 911 1051 932 2
1095 873 1384 949 cymbisque
1416 879 1710 931 Batavorum
1745 876 1975 931 ultimam

214 957 409 1012 cladem
433 959 722 1027 expectaret,
745 972 868 1007 voto
890 953 932 1005 se
956 951 1287 1006 Immaculatae
1299 952 1483 1027 Virgini
1505 955 1666 1026 (cujus
1690 952 1973 1028 imaginem,

213 1035 338 1088 dum
363 1032 550 1089 vallum
574 1031 868 1089 moliuntur,
893 1030 942 1082 in
958 1027 1072 1082 foffa
1088 1034 1377 1102 repererant)
1397 1029 1702 1105 obstringunt
1718 1053 1732 1090 3
1749 1050 1840 1085 nec
1862 1051 1977 1084 mo-

214 1131 265 1166 ra
288 1110 436 1183 pridie
459 1109 560 1162 festi
593 1107 820 1162 flantibus
843 1106 946 1160 tota
968 1111 1116 1160 noete
1152 1106 1454 1181 frigidiffimis
1477 1107 1812 1181 aquilonibus,
1835 1128 1975 1182 aquae

214 1188 459 1264 gelantur,
482 1184 741 1258 hostesque
763 1184 1011 1239 abscedere
1033 1183 1208 1240 coacti,
1220 1203 1281 1237 ne
1303 1183 1526 1239 videlicet
1549 1205 1721 1239 eorum
1743 1205 1887 1241 naves
1904 1205 1998 1239 re--

213 1265 418 1338 pentino
454 1262 568 1340 gelu
600 1262 917 1338 alligarentur.
1017 1260 1186 1335 th'ue
1209 1260 1358 1314 hostis
1381 1261 1612 1323 absceffit,
1645 1262 1819 1338 glacies
1840 1262 1976 1319 velut

215 1342 383 1396 officio
406 1342 494 1395 suo
517 1340 684 1395 funeta
708 1376 722 1398 ‚
756 1344 810 1394 &
832 1359 968 1413 aquae
990 1337 1326 1415 navigantibus
1352 1357 1535 1412 apertae.
1613 1343 1667 1393 In
1684 1358 1871 1415 gratam
1887 1344 1981 1394 Be-'

212 1420 372 1491 neficij
398 1424 718 1478 memoriam,
743 1418 921 1472 eodem
942 1435 1186 1488 tempore,
1213 1416 1482 1490 ijsdemque
1505 1417 1556 1470 in
1578 1418 1753 1471 Castris
1789 1418 1977 1471 institu-

212 1515 263 1552 ta
285 1495 505 1550 sodalitas
528 1495 745 1549 militum
769 1493 1099 1547 Immaculatae
1123 1493 1483 1565 Conceptionis.
1535 1498 1661 1547 Rem
1683 1512 1842 1548 totam
1865 1516 1978 1567 pro-

212 1573 307 1628 lixe
331 1574 585 1627 Famianus
611 1572 773 1626 Strada
796 1589 990 1625 enarrat.
1007 1570 1035 1624 l.
1051 1592 1099 1634 7.
1111 1570 1226 1623 Belli
1235 1569 1457 1643 Belgicis,-
1507 1570 1688 1644 Neque
1711 1573 1865 1643 potest
1891 1592 1977 1626 ne*

217 1651 348 1727 gari,
371 1650 548 1725 quippe
571 1649 863 1723 inspectante
885 1666 994 1702 toto
1017 1648 1278 1721 Hispanico
1300 1650 1519 1703 Exercitu
1533 1688 1547 1709 ‚
1576 1648 1784 1723 totoque
1806 1649 1975 1726 Belgio

213 1730 343 1783 teste.
715 1767 719 1778 .

328 1809 409 1858 IX.
489 1803 688 1857 Οέῗβιτὸ.
767 1805 910 1857 Anno
933 1809 1069 1871 1653.
1158 1802 1389 1859 Sodalitas
1411 1809 1457 1857 B.
1481 1805 1691 1880 Virginis
1714 1803 1977 1878 Assumpta:

216 1882 268 1936 in
291 1886 464 1957 Regno
487 1881 720 1935 Valentiae
753 1901 1001 1956 rogaverat
1040 1884 1312 1935 Antonium
1337 1884 1395 1935 de
1420 1886 1584 1935 Guero
1619 1888 1660 1936 S.
1688 1881 1976 1958 Theologiae

216 1964 525 2015 merorem,
578 1979 634 2011 ex
661 1959 1054 2034 Congregatione
1082 1964 1123 2011 S.
1162 1959 1361 2031 Philippi
1387 1960 1535 2012 Nerei
1561 2000 1575 2019 ,
1624 1958 1768 2014 vellet
1784 1959 1834 2012 in
1855 1960 1976 2014 urbe

216 2037 424 2093 Xantiva·
446 2036 614 2089 festam
652 2035 785 2088 diem
815 2034 1099 2111 panegyrica
1126 2037 1344 2090 oratione
1370 2056 1458 2108 pro
1487 2037 1708 2111 suggestu
1731 2056 1973 2090 exornare.

217 2116 522 2187 Acceptavit‚
562 2113 639 2165 sed
663 2111 780 2165 cum
809 2114 870 2165 ad
908 2113 1138 2184 parietem
1159 2113 1321 2166 aemuli
1343 2112 1504 2166 nescio
1537 2117 1672 2185 cujus
1697 2133 1849 2166 manu
1871 2113 1976 2167 chi-

216 2190 515 2267 rographum
537 2189 739 2243 affixum
763 2189 991 2263 reperiffet
1017 2233 1029 2251 ,
1066 2211 1169 2263 quo
1200 2189 1471 2244 dicebatur:
1509 2191 1712 2246 Beatam
1735 2192 1975 2267 Virginem

217 2288 323 2321 cum
336 2282 515 2340 peccato
542 2267 776 2343 Originalz'
807 2283 1059 2340 conceptam
1084 2268 1176 2340 effii
1210 2286 1402 2322 mutato
1425 2266 1664 2327 themate,
1687 2269 1825 2341 quod
1846 2270 1973 2340 prius

217 2345 478 2400 meditatus
501 2345 653 2397 fuerat
678 2381 693 2401 ,
730 2365 817 2417 pro
840 2344 1027 2398 illibato
1058 2351 1338 2417 Conceptu,
1363 2346 1412 2397 in
1435 2365 1490 2398 ea
1507 2345 1828 2398 Canticorum
1856 2351 1972 2399 Ver-

217 2423 437 2478 bazSicut
452 2420 600 2474 lilium
615 2423 732 2474 inter
741 2421 911 2497 spinas,
929 2421 1146 2476 disseruit.
1185 2424 1358 2476 Oratio
1381 2442 1566 2496 magno
1589 2426 1821 2475 omnium
1837 2421 1972 2495 plau-

216 2501 269 2554 su
291 2518 497 2572 excepta.
524 2500 749 2572 Sequenti
774 2503 826 2551 &
849 2499 1007 2552 serena
1029 2506 1190 2559 noete,
1202 2519 1452 2553 amoenam
1468 2498 1646 2552 vallem
1663 2499 1974 2554 inambulans

216 2596 431 2649 reputare
454 2577 623 2630 animo
646 2575 793 2647 coepit
816 2575 913 2629 lilia
935 2576 1056 2629 inter
1087 2578 1237 2649 spinas
1266 2597 1369 2630 non
1391 2577 1604 2630 crescere.
1683 2582 1743 2631 Et
1769 2597 1879 2631 ecce
1900 2595 1974 2631 ta-

217 2653 279 2707 lia
304 2652 950 2725 volventi‚pulcherrimum,
967 2657 1020 2706 &
1044 2654 1463 2708 candentiff1mum
1496 2654 1617 2708 inter
1639 2653 1789 2726 spinas
1812 2654 1973 2708 lilium
1997 2718 2000 2720 Α

217 2731 470 2784 visendum
494 2731 537 2784 se
559 2728 698 2783 offert
718 2766 733 2787 2
769 2730 977 2790 accedit,
1000 2733 1244 2804 carpitque
1268 2734 1441 2784 florem
1464 2772 1476 2790 ,
1509 2730 1724 2804 eumque
1747 2730 1973 2785 attentius

217 2808 460 2879 spectanti,
477 2826 666 2880 apparet
702 2807 869 2881 imago
906 2808 1236 2862 Immaculatae
1262 2808 1611 2880 Conceptionis
1647 2807 1803 2861 bulbo
1839 2808 1993 2861 floris·
2064 2811 2065 2814 ’

219 2884 458 2959 eleganter
480 2883 718 2955 impreffa,
741 2884 912 2955 pallio,
937 2885 1172 2960 radijsc'lue
1195 2885 1383 2944 vestita,
1421 2889 1475 2939 &
1498 2889 1722 2939 Dracone
1743 2885 1805 2938 ad
1829 2886 1974 2957 pedes

218 2964 413 3033 jacente.
493 2966 558 3013 Ea
581 2960 644 3013 ab
669 2960 1099 3033 Archi-Episcopo
1137 2962 1398 3018 Valentino
1436 2982 1588 3015 aureae
1625 2963 1747 3016 cistae
1778 2954 2000 3021 inclusa,x

217 3037 437 3109 Philippo
467 3056 641 3109 quarto
674 3038 811 3090 dono
833 3037 967 3092 missa
987 3041 1054 3091 est
1076 3079 1088 3097 ,
1125 3043 1178 3093 &
1200 3041 1324 3093 sacra
1348 3038 1517 3096 AEdes,
1542 3038 1628 3093 ubi
1651 3038 1808 3092 lilium
1830 3059 1968 3110 appa·
1998 3049 2000 3054 '

216 3132 395 3176 ruerat,
431 3114 675 3169 aedificata.
753 3114 905 3168 Testis
931 3115 1152 3169 miraculi
1174 3135 1279 3172 tota
1313 3116 1576 3188 Hispania,
1612 3119 1665 3170 ὅ(
1688 3116 1752 3170 rei
1775 3115 1970 3171 historia

1844 3196 1970 3245 Leo-

2106 3228 2112 3380 l

2107 3381 2110 3491 Ι
