2112 3491
795 225 1176 296 ÷(1s)›1⁴

99 342 305 402 solvere3
344 361 427 395 cur
450 361 566 416 ergo
590 361 693 394 non
715 340 876 413 potius
901 340 1106 395 absolvis
1128 383 1140 400 ‚
1187 341 1340 414 quam
1365 341 1567 397 damnas
1590 350 1603 397 ἒ
1650 347 1703 398 ὃς
1736 346 1769 399 fi
1803 346 1863 403 de

98 437 362 474 momento
386 418 581 472 tantum
604 440 674 472 res
698 418 876 494 agitur,
903 440 986 472 cur
1009 439 1112 472 non
1135 418 1297 492 potius
1321 420 1437 477 Velis
1452 462 1466 481 ,
1491 421 1577 475 illo
1601 441 1864 478 momento

97 498 414 552 innocentem
438 495 592 555 fuisse,
617 493 771 569 quam
795 505 954 549 ream?

209 572 392 626 Deinde
415 574 464 626 in
489 574 608 627 libra
632 573 725 626 Dei
749 576 802 627 δε
825 573 1032 628 veritatis
1049 614 1061 632 ‚
1088 574 1235 627 etiam
1273 594 1531 631 momenta
1553 577 1661 632 sunt
1682 578 1864 633 summi

95 651 368 711 momenti,
396 649 675 724 summic'lue
705 651 943 723 ponderis.
1023 652 1215 705 Lucifer
1239 674 1342 706 uno
1366 654 1561 709 tantum
1586 674 1864 717 momento,

18 760 19 798 j
96 728 293 802 unaque
317 728 613 805 cogitatione
637 728 842 802 deliquit
863 771 876 789 ‚
903 732 957 783 ὅ(
987 747 1152 783 tamen
1176 731 1345 803 quanti
1372 734 1615 787 momenti
1639 735 1728 788 fuit
1766 735 1865 788 hoc

95 827 256 860 unum
283 814 632 859 momentum?
671 810 727 858 In
749 825 950 877 peccato
974 806 1106 860 enim
1130 828 1233 860 non
1260 829 1413 868 mora,
1439 810 1517 862 sed
1545 811 1723 864 faeditas
1749 815 1865 865 aesti-

93 903 286 943 matur5
319 888 371 937 ὃς
402 884 466 936 ita
488 884 672 955 praestat
695 883 771 938 vel
796 883 900 937 tota
923 884 1179 938 aeternitate
1203 886 1397 939 exulem
1420 886 1508 939 effe
1531 888 1694 946 Coelo,
1713 892 1765 941 &
1790 891 1861 942 in-

92 962 310 1020 felicem,
334 958 489 1034 quam
513 982 615 1014 uno
640 981 904 1015 momento
926 981 1245 1034 peccatorem.
1340 964 1440 1035 Ipsa
1465 963 1667 1038 quoc'lue
1690 967 1862 1019 Beatis-

12 1044 13 1048 ’
91 1039 212 1092 slma
239 1039 393 1114 Virgo
420 1037 558 1092 malit
582 1058 687 1091 non
709 1037 796 1092 effe
821 1039 998 1114 Virgo,
1030 1060 1134 1093 non
1161 1039 1247 1094 effe
1272 1045 1389 1093 DEI>
1414 1046 1604 1101 Mater,
1629 1063 1732 1095 non
1750 1048 1862 1097 Bea-

91 1133 163 1175 ta,
191 1137 295 1169 non
319 1122 662 1170 Creaturarum
690 1117 921 1170 omnium
949 1117 1157 1193 Regina,
1192 1116 1346 1191 qua‘m
1370 1119 1446 1174 vel
1471 1140 1573 1172 uno
1598 1141 1862 1174 momento

92 1198 235 1247 DEO
261 1195 423 1253 exosa,
456 1194 714 1268 expersciue
738 1195 923 1270 gratiae,
948 1199 1001 1248 ὅ(
1031 1214 1233 1267 peccato
1258 1196 1427 1249 faedata
1448 1239 1460 1255 ,
1495 1218 1584 1250 nec
1609 1197 1695 1250 effe
1721 1198 1861 1251 inno-

91 1291 217 1323 cens.
298 1276 354 1324 In
378 1271 475 1325 hoc
500 1292 615 1347 ergo
639 1290 904 1325 momento
930 1290 1181 1326 vertuntur
1205 1274 1375 1326 omnia
1392 1316 1403 1333 ‚
1429 1294 1536 1346 quae
1562 1275 1745 1349 Virgini
1771 1297 1859 1328 no-

92 1349 192 1401 strae
217 1347 484 1401 charissima
516 1353 568 1401 &
601 1348 930 1420 pretiofiffima
966 1350 1086 1402 sunt.
1189 1350 1283 1403 Dic
1311 1351 1369 1403 de
1395 1351 1473 1403 illa
1507 1352 1749 1425 quidquid
1776 1374 1862 1408 voe

203 1424 344 1480 lueris
366 1465 379 1485 ‚
418 1424 613 1479 tantum
644 1446 706 1479 ne
729 1425 934 1498 appelles
956 1427 1276 1498 peccatricem
1302 1470 1313 1487 ‚
1360 1432 1413 1482 ὃ(
1437 1428 1609 1484 Filiam
1641 1430 1744 1490 iraes

441 1501 541 1558 hoc
566 1503 753 1580 Virgini
777 1502 885 1578 plus
910 1504 1144 1558 omnibus
1168 1505 1302 1560 dolet
1324 1547 1336 1566 ,
1375 1505 1507 1561 fuiffe

825 1600 1118 1656 corruptam.

1228 3130 1277 3182 D
1317 3146 1340 3179 2
1675 3127 1713 3195 §.
1751 3129 1847 3181 111,
