2112 3491
747 260 1117 333 ÷(⁷⁷)÷

55 395 166 449 quae
190 381 355 430 Deum
380 393 647 431 moraretur
668 418 679 436 ‚
716 397 778 430 ne
801 378 957 430 amori
980 378 1066 430 suo
1091 375 1140 428 in
1163 394 1349 430 tantam
1380 378 1633 455 Virginem
1661 382 1819 438 indul-

58 472 214 527 geret,
239 475 342 506 non
363 455 582 526 Justitiae‚
607 475 709 508 non
732 455 859 527 pacti
884 496 894 513 ‚
920 475 1022 507 non
1046 455 1434 526 RedemptioniS,
1472 477 1524 510 ut
1549 459 1679 530 supra
1709 483 1819 532 pro-

58 531 297 584 bavimus.
378 537 480 584 Cur
503 552 618 607 ergo
641 553 745 585 non
767 533 1007 586 credimus
1030 536 1195 584 Deum
1220 532 1395 593 fecisse,
1422 554 1529 607 quae
1554 555 1704 589 nemo
1729 559 1821 591 no-

60 607 212 660 strum
235 628 340 660 non
363 609 535 662 faceret
558 619 570 662 ἓ
608 610 769 663 Potuit
790 646 804 666 ,
842 613 894 662 δε
922 608 1082 662 decuit
1104 646 1117 665 ‚
1143 629 1258 684 ergo
1285 610 1407 664 fecit.
1488 614 1643 684 Qod
1666 619 1823 691 Argu-

60 704 290 738 mentum
314 686 541 740 fundatur
564 687 614 739 in
638 686 716 740 illa
742 687 925 761 Regula
950 686 1202 761 Augustini
1222 727 1232 744 ,
1250 686 1334 738 ubi
1358 708 1501 762 agens
1523 692 1582 744 de
1606 692 1824 746 incorru-

60 762 227 833 ptione
252 764 481 835 Corporis
506 764 718 838 Virginei
743 767 847 836 post
873 782 1086 816 mortem
1109 785 1117 812 :
1156 762 1337 815 Nallm
1358 763 1565 823 dubitat,
1588 771 1703 842 quin
1719 786 1822 843 pos-

47 839 111 910 stt
130 841 263 892 Dem
285 841 629 912 Asariamfine
656 843 932 914 corruptione
940 841 1165 913 ſsrvme,
1203 861 1301 916 ergo
1326 840 1638 896 dubitandum
1659 867 1748 899 non
1771 849 1825 923 est

60 916 257 989 volmffi’.
337 923 405 971 Ita
429 917 574 971 habet
598 919 648 970 in
671 918 932 970 Sermonde
954 917 1177 992 Affibmpt·
1225 923 1353 993 Ergo
1380 939 1436 971 ex
1466 921 1694 976 sententia
1725 929 1827 977 Au-

61 995 239 1067 gustini
263 995 312 1047 in
336 997 625 1053 exornanda,
642 995 1061 1068 praeservandzique
1078 995 1275 1071 Virgine
1299 998 1418 1049 DE
1425 1001 1527 1049 ‘US
1538 999 1726 1052 samaim
1741 1022 1828 1054 vo-

61 1071 174 1127 lem,
211 1071 445 1147 quamnim
462 1075 625 1146 potuit.
718 1074 793 1127 Sic
817 1074 947 1126 idem
974 1079 1014 1125 S.
1043 1073 1339 1149 Augustinus
1363 1074 1413 1127 in
1436 1076 1571 1149 Epist.
1585 1096 1627 1140 3.
1653 1077 1723 1129 ad
1744 1081 1831 1133 Vo-

60 1146 318 1223 lusianum:
356 1153 411 1202 ln
433 1149 604 1203 talibm
626 1166 722 1203 tota
746 1153 864 1203 ratio
881 1152 1000 1223 facii‘z'
1013 1152 1446 1224 potentiafasientb‘s
1462 1155 1527 1228 est.
1608 1160 1666 1208 Et
1683 1156 1733 1208 in
1756 1159 1829 1209 cit.

63 1229 204 1278 Serm.
223 1226 276 1279 dc
298 1228 521 1300 Affitmpt.
553 1228 807 1304 Qidqmd
817 1226 900 1281 tibi
923 1248 1042 1280 vera
1065 1231 1186 1282 ratio
1210 1227 1369 1287 didas,
1392 1249 1469 1282 nec
1484 1230 1645 1284 melius
1674 1253 1830 1286 occar-

64 1305 142 1362 rt't,
156 1303 490 1379 idstiasfectffe}
511 1308 682 1358 Deum.

180 1386 259 1434 VI.
341 1384 484 1434 Ratio
511 1389 554 1434 ὅ.
635 1382 930 1454 Dispensavit
968 1387 1100 1435 Deus
1128 1403 1245 1437 cum
1279 1386 1476 1461 Virgine
1512 1387 1561 1438 in
1588 1386 1688 1460 alijs
1716 1388 1834 1464 legi-

63 1456 179 1515 bus,
204 1478 312 1530 quae
337 1460 427 1512 toti
451 1460 612 1533 generi
638 1459 860 1513 humano
885 1460 1119 1532 impofitae
1144 1461 1251 1514 sunt
1271 1499 1284 1518 ,
1319 1463 1483 1533 quales
1508 1465 1635 1517 sunt:
1662 1468 1833 1518 Paries

63 1536 114 1587 in
136 1533 296 1587 dolore.
335 1542 393 1589 Et
418 1537 518 1590 illa:
557 1538 612 1589 In
627 1536 871 1609 pulverem
901 1538 1145 1589 revertb'rb's
1169 1559 1184 1587 .·
1222 1543 1279 1592 Et
1297 1539 1396 1592 illa:
1445 1543 1660 1592 Pronum
1684 1545 1738 1618 est
1761 1563 1834 1595 cor

64 1610 261 1665 hominis
288 1613 359 1665 ad
375 1612 557 1667 malum
578 1613 640 1666 ab
664 1613 1071 1687 adoleſsentiafha.
1133 1620 1236 1667 Cur
1262 1636 1385 1690 rogo
1408 1616 1481 1669 his
1513 1617 1699 1691 legibus
1727 1621 1834 1673 Vir-

63 1690 233 1764 ginem
271 1692 477 1744 exemit?
517 1692 650 1765 Qa
674 1696 803 1745 DEI
830 1697 1045 1745 Matrem
1069 1691 1397 1752 dedecebants
1429 1711 1476 1746 at
1499 1695 1662 1748 mult&
1678 1697 1834 1771 magis

67 1767 292 1821 dedecuit
315 1787 593 1841 peccatum,
627 1768 788 1823 multt‘)
813 1790 929 1845 ergo
954 1768 1108 1844 magis
1133 1769 1230 1822 hoc
1258 1791 1368 1823 eam
1392 1770 1634 1832 liberavit·³
1658 1775 1837 1846 quippe

67 1863 262 1899 tanturn
287 1847 351 1899 est
378 1846 568 1900 malum
592 1867 743 1900 omne
780 1866 1035 1919 peccatum
1057 1887 1070 1906 ‚
1106 1866 1160 1900 ut
1184 1847 1217 1899 s1
1242 1848 1379 1920 optio
1402 1849 1591 1902 daretur
1617 1891 1629 1909 ‚
1667 1851 1837 1906 mallet

66 1942 172 1976 non
196 1922 283 1977 esse
301 1929 452 1998 Virgo
467 1965 478 1982 ‚
501 1924 668 1977 mallet
694 1944 799 1976 non
822 1923 909 1976 effe
934 1928 1063 1976 DEI
1087 1928 1270 1984 Mater,
1299 1924 1453 1999 quitm
1481 1925 1567 1979 esse
1584 1930 1835 1999 peccatrix.

68 2000 290 2054 Primum
316 2022 430 2076 ergo
454 2001 552 2054 hoc
576 2001 782 2076 Virginis
804 2021 981 2055 votum
997 2042 1009 2061 ,
1050 2001 1315 2076 primaec‘lue
1340 2023 1498 2075 preces
1521 2004 1716 2059 fuerunt
1731 2043 1745 2063 ,
1776 2026 1838 2060 ne

70 2078 123 2130 in
139 2079 389 2132 mundum
413 2079 623 2150 prodiret
645 2082 744 2151 jam
769 2079 1013 2132 deflorata.
1052 2079 1258 2133 Dicebat
1275 2080 1354 2133 illa
1371 2080 1488 2134 cum
1504 2082 1665 2152 primi)
1683 2087 1840 2137 Mun.

71 2156 196 2208 dum
218 2155 413 2231 ingress'a
439 2157 527 2215 est,
552 2157 689 2229 quod
713 2156 837 2208 olim
852 2158 981 2208 Ester
1003 2157 1065 2208 ad
1089 2157 1230 2209 suum
1254 2156 1529 2210 Affuerum:
1567 2160 1704 2233 Ester.
1720 2181 1751 2212 c.
1767 2180 1836 2227 Is.

71 2236 121 2284 252
143 2235 304 2286 inveni
318 2236 530 2309 gratiam
553 2236 601 2286 in
617 2232 752 2286 oculis
773 2237 866 2285 ταὼ
890 2236 936 2286 Ο
966 2235 1095 2292 Rex,
1128 2231 1185 2295 εἴ
1198 2233 1246 2308 sl
1260 2231 1344 2286 tibi
1359 2233 1506 2307 placet
1521 2272 1534 2292 ,
1571 2236 1693 2288 dona
1722 2238 1839 2292 mihi

70 2312 286 2364 animam
308 2330 461 2364 meam
481 2349 494 2368 ,
514 2326 600 2384 pro
615 2332 711 2387 qua
734 2331 844 2386 rogo.
924 2316 983 2363 Et
1010 2310 1130 2383 quid
1153 2330 1256 2364 tam
1278 2313 1397 2385 justa
1421 2313 1680 2384 postulanti
1707 2315 1838 2369 aliud

72 2393 207 2442 Deus
245 2389 545 2461 responderet
566 2431 578 2449 ,
626 2387 779 2463 quem
803 2389 941 2461 quod
976 2386 1194 2441 Affuerus
1228 2390 1414 2460 optanti
1450 2394 1665 2465 Reglnae:
1717 2392 1839 2446 IVolc'

74 2483 282 2526 metuere,
299 2486 387 2518 non
410 2465 615 2519 moribris
630 2504 643 2524 ,
661 2487 749 2519 non
772 2467 891 2517 enim
907 2481 994 2538 pro
1024 2481 1065 2518 te
1075 2502 1089 2523 ,
1093 2465 1185 2538 fid
1195 2481 1282 2539 pro
1305 2464 1514 2519 omnibus
1535 2467 1607 2520 lex
1632 2467 1715 2521 haec
1737 2490 1840 2524 con-

69 2545 231 2616 stituta
255 2545 319 2619 cst.
358 2547 509 2619 Ergo,
536 2562 590 2598 ut
613 2544 708 2597 dixi
728 2585 738 2602 ‚
765 2543 799 2595 fi
817 2547 949 2596 Deus
967 2563 1083 2596 curn
1107 2545 1303 2618 Virgine
1327 2544 1377 2596 in
1399 2544 1585 2619 legibus
1607 2546 1836 2619 dispensa-

76 2640 159 2681 vit,
183 2642 291 2695 quae
315 2622 477 2675 minus
499 2658 513 2679 ,
537 2621 662 2677 certe
687 2621 965 2694 dispensavit
990 2621 1039 2673 in
1063 2620 1273 2696 legibu3‚
1310 2641 1416 2694 quae
1441 2622 1596 2696 magis
1619 2628 1838 2679 Matrem

73 2699 381 2754 dedecebant.

192 2781 295 2832 VII.
376 2779 520 2829 Ratio
542 2798 595 2841 7:
671 2777 832 2831 Saneti
854 2782 1007 2830 Patres
1032 2776 1202 2851 ijsdem
1226 2776 1489 2830 rationibus
1514 2779 1638 2832 moti
1656 2779 1762 2834 sunt
1779 2781 1841 2833 ad

75 2855 373 2909 amovendas
399 2854 425 2907 ὲ
451 2859 609 2908 Matre
634 2859 743 2907 DEI
767 2854 1180 2927 imperfectiones,
1208 2875 1315 2927 quae
1354 2854 1515 2908 multr‘)
1539 2855 1700 2910 minus
1727 2862 1841 2911 Ma-

79 2952 205 2986 trem
221 2936 349 2985 DEI
373 2932 669 2985 dedecebant
686 2974 697 2991 ‚
736 2932 913 3005 quibus
939 2953 1029 2984 nos
1054 2952 1316 2985 movemur
1336 2933 1397 2986 ad
1424 2934 1704 3007 negandum
1732 2955 1868 3006 pec·-

78 3029 245 3063 catum
271 3009 542 3084 Originale‚
567 3010 703 3082 quod
728 3009 889 3062 multi)
914 3008 1069 3084 magis
1093 3009 1345 3084 Virginem
1369 3010 1597 3069 dedecet3
1620 3031 1736 3085 ergo
1758 3031 1842 3066 aut

80 3086 148 3141 illi
173 3085 406 3147 erritrunt,
429 3106 511 3141 aut
533 3108 623 3141 nos
646 3108 750 3141 non
773 3107 998 3147 erramuS,
1012 3086 1097 3161 qui
1121 3107 1294 3141 eorum
1311 3087 1552 3160 exempla,
1570 3091 1623 3141 &
1647 3088 1843 3161 vestigia

102 3180 103 3183 ’
1352 3168 1403 3220 U
1732 3165 1844 3219 imi-
